4440 6060
1093 593 1135 654 40

328 791 574 883 corisopitensi,
606 811 666 882 per
696 790 808 882 plures
838 813 966 862 menses
997 788 1206 875 intermissis,
1239 812 1353 861 roxrns
1383 793 1614 865 determinavit
1641 809 1893 890 temperaturam

327 972 447 1037 aquae,
471 972 576 1039 quum
600 951 643 1017 ad
668 955 708 1019 18
732 963 835 1020 metra
858 949 1080 1018 descenderat.
1127 950 1259 1021 Invenit
1277 951 1312 1048 in
1333 950 1510 1023 altitudine

776 1109 837 1169 230
856 1118 1040 1184 metrorum,
1061 1118 1294 1191 temperaturam
1316 1108 1398 1183 17⁰2.

414 1264 453 1325 ln
486 1259 597 1328 fodina
631 1257 718 1326 diota
743 1257 976 1351 sing-Tang,
999 1281 1103 1348 quum
1132 1259 1221 1326 idem
1243 1256 1444 1345 obtinuerit,
1467 1271 1502 1327 et
1522 1281 1607 1349 aqua
1633 1282 1765 1350 quoque
1787 1266 1830 1333 ad
1856 1271 1895 1333 18

325 1457 429 1512 metra
451 1443 605 1511 exhausta
627 1441 748 1529 buerit,
773 1442 901 1510 invenit
923 1442 960 1510 in
983 1441 1160 1510 altitudine

848 1602 907 1665 195
928 1611 1110 1678 metrorum,
1132 1612 1225 1685 temp.
1249 1602 1333 1663 1705.

411 1757 450 1819 In
482 1751 596 1849 fodina
633 1750 758 1821 Unsted
787 1750 916 1837 Meinas,
945 1775 1004 1842 per
1027 1764 1135 1821 totum
1163 1774 1288 1820 annum
1308 1773 1391 1840 aqua
1418 1750 1461 1818 ad
1482 1758 1523 1819 55
1545 1764 1649 1820 metra
1670 1752 1892 1838 assoenderat;

323 1913 394 2001 ejus
420 1910 612 2000 superficies
636 1910 780 1979 distabat
799 1932 818 1977 a
839 1908 1013 1999 superficie
1032 1909 1092 1978 soli

833 2069 893 2131 329
913 2070 1030 2153 metris,
1052 2080 1145 2152 temp.
1167 2090 1262 2153 aquae
1283 2056 1357 2132 2607

410 2247 451 2309 ln
470 2245 533 2312 hae
554 2242 669 2313 iodina
696 2244 823 2314 Um'ted
841 2243 970 2328 Μύκο,
991 2242 1064 2311 fons
1077 2223 1239 2310 'notabilis
1255 2240 1447 2331 prosiliebat
1468 2243 1503 2310 in
1523 2245 1640 2314 eadem
1659 2245 1836 2314 altitudine

693 2402 754 2465 829
774 2397 957 2481 metrorum,
978 2412 1073 2485 temp.
1096 2403 1163 2484 ojus
1183 2420 1278 2484 aquae
1298 2410 1361 2460 erat
1381 2400 1467 2463 ³005.

408 2557 574 2621 Postrema
596 2552 679 2622 baec
701 2553 900 2639 observatio,
924 2554 1054 2623 duobus
1075 2550 1280 2642 temporibus
1302 2549 1387 2618 iacta
1410 2564 1469 2620 ast.
1515 2552 1607 2620 Prior
1624 2573 1728 2642 quum
1742 2552 1895 2621 institue-

322 2723 433 2795 retur,
459 2716 523 2780 400
545 2710 688 2801 operarii
712 2732 773 2800 per
795 2711 926 2779 tertiam
949 2711 1018 2780 diei
1042 2723 1170 2801 partem
1195 2709 1232 2778 in
1257 2733 1295 2778 ea
1315 2709 1501 2801 degebant,
1528 2711 1690 2799 posterior
1710 2733 1814 2799 quum
1834 2709 1895 2778 fie-

273 2960 276 2964 -
323 2884 389 2955 ret,
414 2875 493 2936 200.
539 2865 730 2937 Differentia
752 2875 993 2959 temperaturae
1013 2870 1078 2939 fuit
1098 2884 1229 2940 tantum
1256 2877 1345 2955 0⁰‚a.

410 3027 566 3113 Quamvis
594 3029 664 3118 jam
697 3051 793 3119 snpra
823 3029 964 3098 vidimus
991 3029 1136 3099 tabulam
1168 3029 1381 3098 exhibentem
1412 3037 1647 3115 temperaturas
1678 3027 1827 3112 medias,
1858 3027 1894 3095 in

322 3188 457 3258 dirersis
491 3153 724 3259 altitudinibus
757 3189 871 3259 deee'm
894 3188 1086 3260 fodinarnm
1107 3189 1311 3273 observatas,
1336 3198 1449 3256 tamen
1470 3185 1604 3256 toruae
1625 3186 1738 3257 tabula
1760 3208 1897 3277 sequens

320 3348 411 3416 haud
439 3371 570 3438 prorsus
594 3370 831 3438 supervacanea
862 3347 1047 3414 videbitur:
1074 3344 1218 3412 ostendit
1248 3344 1390 3413 diversas
1410 3358 1646 3435 temperaturas
1670 3345 1789 3414 iisdem
1811 3344 1894 3413 alti-

322 3504 496 3572 tudinibus
528 3505 697 3589 inventas,
738 3505 773 3572 in
813 3509 852 3570 15
886 3503 1026 3585 fodinis,
1064 3524 1204 3591 quarum
1226 3500 1360 3569 nomina
1381 3518 1474 3570 sunt:
1504 3502 1607 3570 Soulls
1630 3502 1723 3570 Huel
1746 3502 1893 3584 Towan,
1922 3473 1925 3479 Ι

322 3664 416 3731 Eat!
438 3663 605 3749 Liseomb,
629 3648 723 3729 Hirci
747 3664 853 3752 Unity
876 3664 936 3732 W
931 3665 1009 3748 ood,
1031 3665 1122 3732 Beer
1143 3663 1285 3749 Aleten,
1307 3663 1463 3748 Petaliae,
1487 3666 1541 3734 tte
1567 3663 1802 3734 Contolt'dated
1822 3661 1895 3728 Ma·-
2012 3710 2015 3714 ι

322 3847 401 3909 nes,
434 3823 527 3890 IIuel
555 3823 785 3914 Frs'ersdsdsp,
823 3825 877 3890 tlte
914 3824 1041 3894 Unsled
1071 3824 1207 3909 Minos,
1241 3823 1446 3912 Treslsesdy,
1481 3824 1572 3890 Huel
1595 3823 1735 3890 Damsel
1745 3871 1754 3903 ,
1781 3820 1893 3910 Tr'ng-

328 3981 445 4072 Tang,
472 3981 566 4048 Huel
586 3982 704 4068 Maru,
729 3984 912 4074 Neogiles‚
933 3984 1043 4050 North
1066 3983 1160 4050 Huel
1183 3984 1222 4048 V
1220 3987 1313 4072 irgs'n
1338 3994 1372 4069 et
1400 3980 1597 4047 Tresaveau.
1647 3982 1792 4062 Quatuor
1817 3999 1896 4066 pos·

306 4140 459 4236 'teriores
482 4139 541 4205 din
564 4138 750 4207 submersae
771 4138 926 4207 fuerunt:
952 4139 1074 4206 ideirco
1097 4161 1209 4207 earum
1232 4150 1474 4231 temperaturae
1497 4139 1559 4205 hae
1581 4146 1656 4201 nota
1680 4135 1726 4223 (1)
1750 4134 1895 4206 distino-

328 4311 378 4364 iile
400 4313 485 4369 sunl.
