4440 6060
1082 591 1131 683 ‚se

333 792 456 861 fodinis
481 793 571 862 enim
591 789 661 862 fere
688 792 800 862 omnia
826 791 922 860 aliter
943 811 1011 858 sese
1034 787 1175 875 habent,
1210 808 1311 880 quam
1338 787 1374 855 in
1402 787 1493 856 cellis
1519 787 1752 873 observatorii3
1774 783 1901 859 in'illis

332 951 527 1042 plerumque
545 950 668 1020 adsunt
691 973 831 1044 magnae
852 947 1096 1034 excasationes,
1122 948 1243 1018 adsunt
1258 971 1372 1020 causae
1397 960 1572 1017 extraneae
1590 948 1626 1016 in
1646 960 1901 1039 temperaturam

332 1121 486 1201 agentes,
513 1110 606 1178 adert
628 1109 695 1178 fere
718 1130 845 1199 semper
867 1109 951 1178 aeris
974 1107 1139 1178 circuitus.

422 1266 599 1338 Videamus
626 1290 706 1360 ergo
734 1291 775 1337 ex
802 1265 920 1338 ordine
948 1290 1080 1354 causas,
1106 1285 1190 1358 qnae
1222 1266 1484 1354 observationes,
1515 1268 1552 1336 in
1572 1267 1695 1338 fodinis
1717 1269 1901 1350 institutas,

331 1425 463 1495 turbare
488 1424 609 1513 solent,
633 1439 667 1494 et
692 1449 711 1496 e
732 1424 852 1517 quibus
872 1439 1115 1519 oppugnatores
1140 1426 1256 1496 caloris
1274 1424 1361 1496 infra
1379 1425 1505 1496 telluris
1528 1425 1735 1519 superficiem
1754 1450 1904 1497 crescen-

331 1586 390 1667 tis,
412 1584 572 1654 nonnulla
593 1597 787 1678 argumenta
809 1597 1029 1677 promserunt.
1050 1609 1086 1653 n.
1110 1608 1241 1655 aneson
1254 1587 1302 1678 (1)
1322 1585 1446 1655 dividit
1467 1608 1578 1655 causas
1595 1598 1850 1679 temperaturam
1862 1587 1898 1654 in

329 1741 451 1810 fodinis
473 1742 661 1829 turbantes,
688 1742 723 1812 in
752 1744 834 1813 duas
856 1745 987 1832 classes,
1009 1743 1133 1814 scilicet
1148 1744 1183 1813 in
1209 1744 1381 1814 variabiles
1406 1756 1440 1814 et
1459 1757 1700 1836 permanentes.
1747 1747 1799 1814 Ad
1812 1744 1901 1839 prio-

331 1923 383 1969 res
407 1901 509 1970 refert
528 1902 749 1993 praesentiam
770 1904 992 1995 operariorum
1018 1917 1052 1973 et
1071 1903 1255 1991 luminum,
1283 1927 1384 1995 aquas
1410 1904 1564 1992 diurnas,
1597 1904 1680 1973 auis
1707 1905 1899 1994 circuitum,

327 2073 415 2130 caet:
441 2061 484 2129 ad
506 2061 700 2153 posteriores
720 2063 864 2158 figuram
887 2063 1072 2156 superficiei
1090 2064 1172 2151 soli,
1191 2063 1413 2135 latitudinem.
1456 2063 1584 2132 Priores
1599 2085 1709 2130 rursus
1724 2064 1897 2156 sejungere

328 2243 498 2309 possumus
520 2221 556 2290 in
580 2223 647 2291 duo
669 2207 810 2315 genera,
837 2225 922 2294 duce
951 2247 1084 2294 sarcum
1109 2223 1155 2315 (2)
1178 2245 1299 2315 nempe
1328 2223 1364 2290 in
1387 2245 1498 2291 causas
1518 2243 1604 2312 quae
1624 2236 1772 2314 augent,
1799 2235 1833 2291 et
1860 2223 1895 2289 in

327 2403 459 2466 causas,
490 2403 575 2470 quae
599 2382 733 2452 minunt
753 2395 1008 2475 temperaturam
1030 2382 1229 2453 fodinamm.

415 2538 593 2608 Videamus
619 2561 698 2632 ergo
720 2541 866 2632 primum
891 2566 999 2612 causas
1023 2543 1196 2612 variabiles
1215 2513 1473 2633 temperaturam
1493 2553 1670 2633 augentes:
1693 2553 1792 2630 atque
1814 2541 1895 2607 inci-

327 2697 455 2785 piamus
475 2698 518 2766 ab
541 2713 757 2792 argumento,
780 2704 908 2794 saepius
931 2717 1043 2774 contra
1063 2705 1207 2773 calorem
1227 2701 1394 2770 internum
1417 2712 1618 2769 crescentem
1636 2701 1754 2782 allato,
1773 2722 1893 2792 nempe

323 2864 517 2947 maceca
541 2867 782 2953 operariorum.

424 3018 484 3092 vir
506 3021 711 3094 doctissimus
738 3047 914 3110 umam,
945 3023 1067 3117 quiin
1090 3020 1386 3100 commentatione,
1414 3018 1456 3087 ab
1485 3016 1661 3085 Academia
1682 3017 1891 3087 scientiarum

324 3177 496 3250 Parisiensi
520 3204 600 3255 auro
631 3196 764 3271 ornata,
795 3185 935 3255 calorem
961 3180 1171 3274 investigarit
1185 3176 1257 3267 'qui
1283 3176 1326 3247 ab
1354 3158 1492 3247 bomine
1513 3175 1677 3267 variisque
1698 3176 1894 3246 animalibus

325 3342 514 3429 emittatur,
536 3344 682 3413 ostendit
708 3344 880 3415 hominem
912 3344 1063 3414 adultam
1088 3341 1272 3434 prodnoere
1304 3360 1368 3430 ope
1393 3336 1615 3430 respirationis
1640 3338 1780 3405 calorem
1811 3338 1893 3406 adso

265 3581 268 3589 Ι
326 3495 525 3586 notabilem,
551 3511 590 3570 nt
621 3508 637 3571 l
670 3524 819 3595 gramma
838 3526 965 3594 aquae,
986 3511 1029 3573 24
1053 3503 1211 3574 bonarum
1232 3499 1357 3593 spatio,
1380 3496 1426 3565 ad
1447 3493 1892 3586 s,2tt,417.gssdussaslse

324 3656 534 3749 centigradae
553 3680 675 3753 sugere
699 3661 816 3730 valeat.
847 3662 951 3732 andis
963 3663 1055 3733 bunc
1068 3662 1210 3733 calorem
1229 3672 1359 3730 tantam
1374 3657 1473 3740 ensi
1496 3665 1624 3746 partem
1644 3654 1745 3723 tatius
1758 3654 1890 3740 caloris,

324 3817 440 3888 eodem
460 3831 628 3912 tempore,
651 3845 670 3891 a
690 3821 749 3891 tali
770 3822 908 3894 bomine
923 3823 1031 3895 amissi
1051 3844 1156 3915 quum
1176 3821 1267 3913 apud
1282 3815 1437 3888 animalia
1451 3837 1528 3908 pars
1546 3814 1679 3900 caloris,
1696 3812 1890 3903 respiratio·

322 3977 373 4047 ns
398 4000 462 4069 ope
493 3980 621 4068 emur,
645 3982 732 4054 inter
755 3990 797 4071 ,a
818 3998 854 4054 et
873 3991 915 4073 ,a
935 3998 1064 4076 psa,
1091 3983 1193 4054 asu,
1218 3978 1334 4050 asora
1353 3974 1493 4068 psus,
1519 3974 1644 4042 usare
1664 3971 1813 4039 nanta
1829 3969 1887 4061 (³)-

322 4138 413 4208 Galor
434 4160 532 4230 ergo,
548 4138 606 4229 qui
625 4140 725 4211 borae
739 4142 909 4214 intervallo
924 4145 968 4214 ab
988 4144 1136 4236 operario
1149 4142 1366 4235 producatur,
1384 4137 1469 4206 valet
1490 4154 1612 4224 augore
1631 4137 1694 4203 tao
1707 4130 1889 4222 ungran-

389 4469 427 4538 (l)
463 4472 493 4522 G.
513 4471 631 4540 Birthas,
661 4473 736 4523 Usdsr
758 4473 805 4522 aas
825 4475 913 4524 Gmts
931 4475 975 4525 dar
994 4472 1274 4540 ruperatsrsannlsns
1291 4469 1355 4518 ancl·
1373 4467 1426 4516 den
1444 4465 1536 4515 lm
1553 4463 1598 4512 der
1613 4460 1690 4510 arca.
1707 4454 1888 4527 Poppssdorrs

322 4585 385 4632 Anu.
404 4585 485 4635 XXXV
501 4603 555 4654 pag.
572 4588 632 4638 2⁰0.

390 4699 428 4766 (2)
461 4701 492 4750 ln
509 4719 580 4768 φη.
595 4707 697 4770 sapsas
710 4706 795 4754 aaa.
813 4718 838 4770 p.
855 4705 913 4753 aas.

393 4813 431 4882 (a)
465 4816 586 4882 napae„
606 4819 690 4869 nasa
707 4805 789 4871 du..
808 4821 838 4870 a·
856 4821 933 4887 rap.
951 4835 1005 4887 μς.
1022 4819 1082 4869 sss.
