4440 6060
1088 562 1131 627 20

322 729 418 858 supra
443 764 652 857 superficiem
672 764 808 835 Oceani.
859 764 963 833 Distat
987 769 1008 835 t
1026 763 1249 857 myriametris
1268 787 1288 833 a
1311 764 1422 835 littore
1443 767 1720 858 Septentrionali,
1745 777 1766 841 6
1789 797 1808 841 a
1830 775 1894 844 lit-

323 942 394 997 tore
422 925 618 997 occidentali
652 924 940 1014 meridionalique.
985 922 1111 1014 Regio,
1135 923 1171 992 in
1190 945 1257 1013 qua
1278 924 1463 1013 invenitur,
1488 926 1549 995 sita
1569 930 1677 999 estin
1699 931 1756 1001 illa
1784 891 1893 1003 decu-2

318 1086 436 1173 ritate,
471 1108 557 1175 quae
582 1083 661 1154 tecti
695 1083 820 1168 instar,
845 1082 889 1150 ab
911 1080 1088 1150 altitudine
1119 1087 1183 1152 260
1206 1095 1385 1153 metrorum
1410 1084 1454 1154 ad
1472 1107 1563 1156 mare
1581 1110 1685 1178 usque
1710 1091 1893 1162 descendit.

321 1245 442 1314 ldultae
473 1244 534 1316 soli
561 1242 812 1332 inaequalitates
844 1242 881 1310 in
909 1240 968 1312 illo
988 1240 1145 1332 proclivio
1166 1240 1300 1310 obviae:
1325 1242 1422 1311 itae.
1445 1266 1482 1335 g.
1504 1245 1599 1338 regio
1621 1246 1746 1318 circum
1770 1253 1890 1322 ostium

322 1415 457 1486 fodinae
475 1384 694 1501 Poullaoucn,
716 1413 819 1506 fingit
839 1413 975 1500 vallem,
1000 1413 1071 1482 fere
1088 1414 1182 1484 mille
1202 1429 1383 1486 metrorum
1404 1416 1569 1486 diametri.

412 1577 645 1666 'temperatura
667 1574 777 1644 media
796 1573 880 1660 loci,
908 1573 935 1641 si
959 1571 1100 1641 dueatur
1121 1596 1161 1642 ex
1183 1573 1278 1665 lege,
1301 1597 1403 1664 quam
1427 1575 1576 1666 sequitur
1597 1578 1685 1649 calor
1705 1582 1748 1650 ab
1766 1605 1892 1675 aeque

321 1747 392 1804 tore
421 1733 465 1801 ad
488 1734 600 1824 polos,
633 1733 966 1802 erit'circiter1204.
1012 1731 1162 1801 Altitudo
1192 1731 1257 1800 loci
1286 1753 1383 1823 supra
1410 1734 1596 1821 Oceanum,
1618 1736 1758 1827 requirit
1781 1740 1892 1811 adbuc

322 1891 580 1961 diminutionem
609 1891 707 1960 unius
730 1893 869 1982 gradbs:
899 1892 963 1962 crit
983 1914 1063 1984 ergo
1084 1901 1304 1981 temperatura
1325 1889 1435 1958 media
1460 1890 1545 1959 circa
1568 1898 1650 1961 11⁰⁵
1675 1894 1890 1968 aestimanda.

324 2051 573 2122 Observationes
596 2073 781 2120 ammasorn
802 2050 909 2120 factae
930 2062 1007 2119 sunt
1028 2050 1063 2118 d.
1088 2058 1107 2119 5
1130 2048 1350 2140 Septembris,
1369 2049 1449 2117 anni
1471 2054 1578 2137 1806,
1597 2052 1688 2123 caelo
1705 2077 1765 2145 per
1785 2069 1891 2128 totum

323 2211 413 2284 diem
433 2234 560 2282 sereno
606 2211 910 2297 Thermometrum,
933 2210 970 2278 in
994 2210 1112 2279 umbra
1136 2230 1347 2300 dispensum,
1366 2206 1535 2278 indicabat
1558 2215 1624 2282 190.

412 2417 589 2509 seqarentia
608 2416 791 2488 observarit
811 2439 1018 2486 tusmssosus
1092 2494 1095 2499 ,

405 2724 446 2786 10.
488 2726 527 2786 In
555 2723 654 2808 primo
680 2723 841 2800 cuniculo,
871 2723 952 2784 dicto
978 2725 1090 2784 actvm
1112 2726 1151 2786 de
1170 2724 1451 2816 botpt‘cdafflrope
1572 2743 1629 2776 aua
1738 2747 1827 2780 inor
1855 2747 1880 2780 n

325 2889 462 2963 puteum,
482 2899 538 2962 per
558 2897 649 2963 quem
669 2876 704 2938 in
723 2874 860 2937 fodinam
881 2874 1070 2955 descendunt
1088 2875 1226 2960 operarii,
1246 2877 1280 2937 in
1297 2874 1377 2953 loco,
1396 2872 1451 2935 ubi

323 3033 450 3115 exiguus
480 3031 554 3092 a'e'ris
584 3029 743 3108 circuitus,
774 3026 916 3090 nonnihil
943 3048 1039 3112 aquae
1058 3029 1093 3090 in
1112 3027 1176 3089 solo
1197 3026 1348 3111 depositae
1367 3024 1451 3087 indi-

323 3182 410 3248 cabat
439 3221 1450 3247 ....................
1582 3184 1595 3213 ⁰

401 3359 447 3420 20.
476 3362 515 3420 ln
535 3357 679 3419 cuniculo
700 3359 755 3418 stt.
783 3360 928 3436 Georgii,
957 3355 1014 3416 sub
1032 3354 1241 3415 intersectione
1262 3354 1282 3413 3
1303 3372 1449 3413 venarum

260 3558 264 3565 .
323 3504 585 3581 metalliferarum,
613 3507 648 3566 in
663 3505 735 3566 loco
755 3506 968 3581 remotissimo,
995 3502 1049 3564 ubi
1069 3502 1173 3563 nullus
1193 3499 1267 3562 airis
1287 3498 1428 3560 circuitus
1438 3544 1448 3576 ‚

325 3654 378 3718 sed
400 3653 452 3716 ubi
473 3659 584 3738 niagua
604 3674 699 3740 aquae
712 3653 809 3737 copia
829 3675 846 3716 e
865 3654 983 3737 fastigio
1003 3651 1151 3731 stillabat,
1173 3651 1248 3715 bace
1268 3673 1346 3738 aqua
1366 3650 1449 3712 indi-

324 3805 413 3870 cabat
444 3843 1446 3872 ....................
1545 3808 1617 3868 1109

405 3982 454 4044 30.
475 3983 563 4067 Aqua
582 3981 657 4045 haec
678 3982 788 4045 stillata
807 3983 979 4069 profluens,
1000 3991 1191 4058 assumserat,
1212 4000 1309 4064 quum
1329 3976 1368 4039 ad
1389 3997 1451 4061 pu·

325 4149 408 4199 muru
429 4134 625 4220 pervertisset,
647 4142 880 4217 temperaturam
918 4169 1450 4195 ...........
1544 4124 1613 4185 1201

406 4311 450 4376 40.
478 4309 611 4394 Triginta
630 4330 684 4372 aex
703 4308 804 4370 metris
823 4306 1022 4393 profundius,
1043 4308 1077 4369 in
1096 4306 1166 4369 loco
1187 4306 1268 4368 dioto
1289 4311 1317 4370 le
1338 4311 1453 4370 olma

327 4467 365 4525 ds
387 4468 421 4526 lo
440 4465 610 4544 Boanum,
630 4462 664 4524 in
684 4461 753 4523 loco
772 4462 968 4523 remotissimo
988 4459 1042 4522 ubi
1062 4481 1163 4546 neque
1183 4460 1311 4544 operarii
1326 4459 1454 4522 aderant

329 4633 428 4698 neque
455 4615 528 4675 ab‘ris
557 4615 716 4691 circuitus,
748 4612 800 4675 sed
828 4612 882 4674 ubi
912 4612 1044 4675 multum
1074 4633 1169 4696 aquae
1198 4611 1346 4689 stillabat,
1377 4609 1454 4673 baec

330 4784 410 4850 aqua
428 4761 583 4824 indicabat
614 4805 623 4825 .
666 4781 701 4828 .·
719 4801 1452 4831 ...............
1549 4760 1622 4823 1109
