4440 6060
425 781 519 851 Idem
543 802 653 849 ronna
674 756 796 847 multuo
818 790 986 872 praeterea
1007 776 1248 848 observationes
1269 779 1384 850 retulit
1404 782 1448 852 de
1465 795 1686 876 temperatura
1701 738 1910 884 fddlmmm,

338 943 374 1010 in
402 938 697 1020 commentatione,
725 959 825 1027 quam
848 935 969 1005 dioarit
988 933 1136 1006 societati
1156 937 1354 1031 Geologioae
1376 941 1610 1034 Goriropitenri
1632 945 1696 1038 (1):
1719 953 1911 1045 praecipuae

335 1105 391 1173 lato
413 1098 753 1172 oommemorrbimnr.

423 1261 726 1344 Thermometmm,
749 1255 787 1324 in
807 1253 971 1326 foramine
993 1261 1013 1326 t
1035 1254 1178 1347 pedibus
1200 1256 1319 1349 longo,
1342 1256 1506 1329 infodina
1520 1261 1684 1333 llolooath
1701 1267 1906 1360 dopmnum,

333 1420 478 1490 ostendit
497 1440 557 1509 per
578 1417 752 1487 oetodeeim
771 1437 916 1502 menaea,
941 1426 1146 1486 constantem
1164 1428 1441 1508 temperaturam,
1467 1442 1553 1512 qme
1575 1437 1648 1492 erat

773 1575 848 1638 2402
870 1596 927 1660 pro
947 1575 1107 1640 altitudine
1127 1575 1189 1641 tto
1207 1586 1383 1640 metrorum.

418 1746 530 1831 Aqua,
554 1741 591 1810 in
612 1760 813 1831 unoquoque
832 1736 986 1809 ounioulo
1008 1736 1159 1808 oonfluxa
1187 1737 1384 1808 eonduoitur
1403 1740 1600 1833 plerumque
1620 1765 1730 1815 renue
1747 1765 1902 1841 tempu..

327 1903 464 1988 oulum,
495 1901 585 1970 unda
616 1899 727 1971 antliir
754 1898 958 1986 exhauritur.
1010 1901 1258 1988 temperatum
1286 1896 1406 1967 harum
1443 1897 1479 1967 in
1501 1902 1716 1993 reoeptaeulia
1744 1925 1904 1996 aquarum

327 2062 417 2132 idem
440 2060 611 2154 indagavit
632 2081 756 2129 ronna.

417 2225 456 2288 ln
491 2218 605 2289 fodina
636 2216 730 2309 cupri
756 2215 858 2286 Sorttla
885 2215 980 2284 Auel
1007 2216 1155 2296 Tomara,
1182 2238 1269 2307 aqua
1288 2214 1325 2284 in
1353 2218 1577 2309 reoeptaonlo,
1600 2243 1640 2290 ex
1661 2221 1817 2294 cuniculo
1843 2223 1902 2294 ubi

328 2401 455 2470 semper
477 2379 544 2447 duo
563 2375 705 2471 operarii
726 2375 864 2446 aderant
884 2373 1057 2461 oonfluxa,
1080 2372 1227 2444 ostendit

798 2536 872 2598 1506
890 2555 947 2619 pro
966 2533 1127 2598 altitudine
1146 2535 1189 2599 82
1208 2542 1385 2596 memorum.

418 2702 458 2764 ln
480 2695 595 2765 lodina
617 2693 711 2786 onpri
725 2694 820 2763 aare
829 2693 997 2779 mono,
1009 2690 1046 2760 in
1057 2679 1215 2761 comitatu
1225 2692 1389 2763 Deroniao
1407 2693 1647 2787 (Deronahire),
1662 2717 1747 2789 aqna
1758 2702 1902 2770 ootendit

798 2850 872 2913 1⁷⁰8
891 2872 948 2935 pro
968 2849 1127 2914 altitudine
1151 2851 1210 2915 180
1228 2863 1403 2914 metrorum.

414 3018 538 3089 rodina
573 3013 667 3109 oupri
700 3027 734 3084 et
760 3012 871 3083 amnui
894 3012 989 3082 Μ
1014 3012 1119 3101 vnay
1151 3013 1284 3100 Wood,
1304 3034 1408 3106 prope
1446 3015 1638 3108 Gwemp,
1671 3015 1707 3085 in
1738 3015 1895 3087 uomitatu

325 3175 567 3269 Gorieopitenai.
613 3175 708 3265 Aqua
729 3171 893 3259 cuniculi,
916 3171 976 3241 ubi
1002 3178 1022 3240 4
1042 3171 1183 3263 operarii
1206 3171 1361 3258 aderant,

789 3330 862 3395 1708
883 3351 940 3414 pro
960 3329 1121 3394 altitudine
1144 3332 1202 3395 157
1222 3343 1398 3396 metrorum.

411 3485 533 3556 Fodina
557 3481 690 3575 plumbi
709 3483 794 3551 Beet
811 3482 922 3552 Aleon
942 3481 979 3548 in
1002 3481 1147 3554 neronio

789 3641 862 3703 19⁰2
882 3661 939 3724 pro
958 3640 1119 3705 altitudine
1138 3641 1202 3707 220
1221 3652 1397 3706 metrorum.

410 3801 534 3876 Fodina
555 3798 650 3895 cupri
671 3811 704 3870 et
722 3799 832 3870 atanni
849 3801 1003 3890 Potane,
1023 3827 1128 3897 prope
1145 3807 1331 3900 Gwermop.
1377 3809 1473 3874 Juxta
1494 3803 1684 3874 cuniculum
1705 3803 1893 3873 inferiorem

322 3967 388 4034 duo
413 3962 619 4054 receptacula
640 3983 756 4051 aquae.
801 3965 906 4056 Prope
926 3963 1018 4056 prius
1040 3973 1061 4034 8
1081 3966 1134 4034 rel
1156 3972 1197 4034 10
1217 3962 1411 4034 laborabant
1430 3960 1586 4052 operarii:
1610 3981 1713 4063 prope
1733 3957 1893 4048 posterius

321 4123 387 4193 duo
406 4132 546 4192 tantum.
593 4122 762 4209 aquarum
783 4129 1024 4210 temperaturae
1045 4132 1141 4191 erant

622 4280 657 4343 in
676 4278 775 4363 priora
797 4323 805 4340 .
829 4320 838 4340 .
868 4277 944 4342 25⁰6
1184 4349 1192 4366 .

622 4433 657 4497 iu
676 4431 838 4518 Pomm
867 4430 943 4495 Μ
997 4374 1055 4440 pro
1074 4348 1232 4414 altitudine
1252 4345 1314 4413 268
1333 4355 1508 4410 metrorum.

382 4777 427 4847 ,(ι)
462 4782 526 4828 nnn.
547 4779 590 4828 or.
608 4785 632 4827 a
651 4776 700 4828 aa.
722 4777 784 4830 xxa.
803 4794 856 4846 pag.
874 4761 933 4828 aaa.
