4440 6060
973 628 1016 692 78

304 836 337 905 si
356 836 427 928 ja'm
450 832 688 909 observationes
709 855 768 925 per
788 832 881 924 paria
900 833 1106 924 jungantur,
1128 832 1323 919 habebimus
1345 840 1389 905 36
1412 849 1546 905 eventus
1566 838 1708 926 quorum
1729 861 1775 906 ra·

220 1000 271 1067 lor
294 1018 334 1066 eo
359 994 534 1087 insignior,
555 1015 622 1084 quo
642 995 748 1084 major
768 991 871 1060 fuerit
896 991 1087 1060 differentia·
1106 991 1291 1075 altitudinis
1312 993 1458 1063 looorum
1480 993 1723 1065 observationis.

312 1158 457 1224 Eventus
478 1153 600 1223 horum
620 1152 773 1222 omnium
786 1151 929 1220 ultimus
950 1152 1158 1243 maximeque
1182 1152 1363 1245 probabilis
1381 1155 1465 1222 erit:
1489 1163 1492 1167 '
1530 1163 1534 1169 ’

857 1312 966 1355 loto·

740 1356 1013 1433 sh²†=
1059 1359 1263 1427 stoodh

767 1489 792 1541 s
814 1473 879 1542 h².'
1059 1456 1280 1548 ῙΓ

308 1637 403 1708 llnde
425 1635 719 1704 invenituraratro
745 1633 1002 1706 diminutionem
1024 1649 1265 1727 temperaturae
1289 1643 1405 1724 0⁰‚517
1427 1659 1488 1729 pro
1511 1642 1574 1706 loo
1596 1639 1709 1707 metris
1717 1639 1784 1710 sire

224 1806 258 1870 1⁰
278 1792 338 1890 pru
362 1800 460 1877 198st
481 1794 604 1864 metris.
650 1795 882 1886 'temperatura
910 1796 1054 1886 denique
1074 1796 1184 1865 media
1206 1794 1371 1866 montium
1394 1797 1563 1884 Saxoniae,
1585 1799 1719 1866 reducta
1743 1799 1786 1866 ad

224 1956 348 2028 ostani
370 1952 598 2061 superficiem,
624 1955 838 2025 deruminau
864 1955 969 2024 iuit'a
993 1978 1126 2026 amomo
1149 1960 1259 2027 tota.
1282 1957 1489 2049 (amputarit
1510 1979 1583 2026 eam
1604 1980 1643 2026 ex
1666 1979 1788 2048 aequa·

224 2121 325 2189 tione.

865 2300 886 2345 a
906 2302 952 2346 =
972 2290 988 2345 t
1009 2296 1048 2359 4
1068 2280 1139 2347 mh.

337 2436 394 2505 ubi
500 2448 507 2459 ¹
950 2427 952 2430 ’

311 2620 330 2663 a
375 2610 425 2666 est
448 2608 667 2687 temperatura
692 2594 801 2666 media
820 2590 957 2684 annua,
982 2596 1115 2666 reducta
1142 2596 1185 2664 ad
1209 2596 1307 2665 maris
1330 2594 1497 2680 libellam,
1525 2615 1586 2685 pro
1610 2592 1787 2662 latitudine

322 2803 327 2813 ·
386 2755 450 2825 loci
473 2756 718 2826 observationis.

315 2929 331 2982 t
381 2929 431 2985 est
449 2928 669 3009 temperatius
686 2914 751 2986 lori
766 2937 826 3008 pro
852 2916 1028 2987 altitudine
1053 2919 1089 2986 ls.

311 3096 346 3142 m
390 3073 569 3144 diminutio
588 3088 829 3166 temperaturae
849 3099 909 3166 pro
935 3077 1110 3145 altitudine
1128 3077 1226 3145 unius
1250 3077 1358 3143 metri.

312 3231 573 3303 Diminutionem
588 3246 827 3326 temperaturae
847 3231 930 3302 auis
948 3254 1008 3324 pro
1024 3233 1121 3301 variis
1138 3231 1368 3301 altimdinibus
1382 3230 1612 3308 determinavit
1630 3253 1788 3315 suenrus,

221 3390 339 3463 sumtis
356 3393 476 3462 mediis
504 3393 735 3481 arithmeticis,
757 3415 957 3486 unoquoque
976 3415 1105 3480 mense,
1129 3416 1149 3462 e
1177 3393 1296 3463 mediis
1325 3400 1500 3471 menstruis
1527 3390 1789 3461 observationum

225 3551 429 3643 singularum
451 3553 619 3624 horarum.
664 3557 713 3622 lta
739 3553 865 3623 invenit
888 3553 1026 3635 eodem,
1051 3574 1118 3643 quo
1143 3574 1259 3644 supra,
1291 3551 1441 3620 instituto
1464 3549 1607 3633 caleulo,
1633 3548 1788 3617 diminu-

225 3710 350 3780 tionem
376 3716 476 3797 opat
499 3733 559 3802 pro
586 3718 649 3781 100
671 3713 784 3781 mauis
807 3713 874 3781 sire
896 3719 929 3779 1⁰
946 3735 1006 3804 pro
1026 3712 1202 3783 altitudine
1221 3718 1319 3798 174,2
1339 3724 1532 3781 metrorum.

314 3873 545 3962 Tetuperatura
569 3870 652 3940 aeris
683 3872 792 3941 media
817 3895 939 3958 annua,
970 3873 1014 3940 ad
1042 3870 1166 3940 Ooeani
1196 3867 1402 3961 superficiem
1426 3868 1577 3950 redueta,
1605 3875 1676 3932 erat
1697 3868 1786 3932 9⁰27.

226 4030 328 4098 linde-
341 4042 477 4121 apparet
501 4041 754 4121 temperaturam
776 4030 920 4100 mediam
943 4051 1087 4098 annuam
1110 4029 1170 4100 soli
1198 4028 1268 4099 fere
1292 3991 1329 4098 1⁰¹
1351 4046 1505 4118 superare
1533 4034 1788 4115 temperaturam

227 4188 322 4258 atris.
368 4190 465 4275 Quod
484 4191 584 4261 etiam
598 4191 670 4261 aliis
689 4191 769 4262 loeis
787 4192 992 4262 observatum
1013 4202 1072 4260 est.
1141 4240 1145 4247 -

320 4668 478 4762 Expositis
497 4672 680 4764 praecipius
703 4676 1000 4767 observationibus,
1021 4701 1106 4770 quae
1124 4680 1292 4752 institutae
1311 4695 1389 4752 sunt
1408 4684 1445 4751 in
1462 4683 1605 4772 fodinis,
1626 4686 1711 4758 oiroe
1731 4711 1795 4758 ra-

231 4823 334 4896 lorem
356 4827 440 4897 infra
466 4830 593 4901 telluris
618 4835 827 4925 superficiem
861 4852 1078 4930 metuentem,
1108 4843 1310 4934 promendae
1333 4842 1429 4915 nobis
1457 4856 1582 4917 restant
1603 4846 1687 4935 hae,
1713 4869 1796 4937 quae

1584 5011 1625 5073 10
