4440 6060
1089 617 1130 679 5⁵

326 823 402 890 sint.
448 820 593 891 Illustrat
612 820 677 889 hoe
699 818 847 909 exemplo
870 822 981 908 putei,
1006 813 1064 904 qui
1089 833 1191 905 prope
1214 812 1350 883 domum
1371 835 1463 884 suam
1487 812 1523 880 in
1545 816 1646 882 llorto
1668 813 1777 905 Regio
1797 812 1894 879 Pari·
1921 810 1930 819 '

326 980 423 1050 siesroi
446 980 491 1070 (1)
517 978 694 1049 invenitur.

415 1137 522 1207 Tertia
547 1137 679 1224 fodina,
714 1158 815 1226 quam
850 1134 1059 1226 investigavit
1092 1155 1290 1214 concauus,
1318 1132 1407 1222 jacet
1431 1154 1535 1223 prope
1554 1133 1682 1224 littry,
1700 1131 1735 1200 in
1757 1131 1892 1222 regione

326 1294 462 1365 collibus
484 1318 552 1365 uon
572 1295 666 1365 valde
689 1295 873 1385 conspicua.

413 1455 505 1523 adiit
523 1456 668 1546 primum
687 1454 854 1538 fodinam,
872 1452 995 1523 dietam
1015 1452 1075 1523 Sar
1095 1453 1230 1537 Caroli,
1244 1473 1331 1541 quae
1352 1451 1555 1521 constabate
1571 1461 1685 1540 puteo,
1703 1455 1765 1518 105
1781 1449 1894 1517 metris

325 1616 409 1695 alto,
432 1592 585 1683 cuniculo
604 1614 751 1701 sinuoso,
776 1618 837 1680 180
861 1613 975 1681 metris
994 1612 1114 1704 longo,
1144 1624 1177 1681 et
1195 1613 1364 1681 nonnullis
1383 1610 1664 1697 excavationibus,
1685 1610 1728 1678 ab
1750 1609 1815 1677 hoe
1834 1630 1894 1675 cu-

325 1771 434 1841 niculo
461 1760 707 1864 incipientibus.
751 1772 901 1863 Spatium
920 1771 1066 1840 cuniculi
1088 1794 1164 1840 cum
1184 1771 1237 1838 his
1255 1771 1520 1841 excavationibus
1545 1783 1616 1841 erat
1642 1769 1770 1838 circiter
1793 1772 1893 1851 2,860

324 1944 506 2001 metrorum
530 1933 732 2003 cubicorum.

412 2093 558 2159 Stratum
573 2093 809 2163 lithantracum
821 2106 892 2162 erat
901 2099 957 2180 2,6
974 2090 1088 2159 metris
1103 2111 1256 2176 marsum,
1272 2088 1441 2158 constabat
1455 2111 1475 2157 e
1487 2087 1605 2158 schista
1622 2088 1729 2156 variae
1744 2084 1896 2168 duritiae,

325 2271 400 2317 cum
424 2249 676 2320 lithantracibus
700 2251 836 2319 mixtae:
865 2273 946 2340 opus
973 2250 1009 2316 in
1033 2248 1203 2328 cuniculo,
1230 2262 1360 2318 tantum
1385 2258 1405 2318 3
1431 2248 1544 2318 metris
1567 2271 1626 2339 per
1654 2245 1897 2314 hebdomadem

325 2406 579 2498 provehebatur.

413 2568 475 2634 Per
493 2572 533 2634 15
558 2591 685 2638 menses
699 2569 771 2659 jam
793 2574 833 2635 12
854 2555 995 2658 operarii
1013 2565 1049 2632 in
1062 2564 1126 2632 hac
1140 2562 1255 2633 fodina
1269 2564 1510 2636 laboraverant:
1525 2588 1607 2656 opus
1621 2576 1727 2634 totum
1742 2562 1891 2632 illustra-

323 2722 422 2791 batur
448 2731 489 2793 12
515 2726 670 2795 candelis.
717 2726 871 2812 Volebat,
891 2725 1073 2794 secundum
1100 2747 1252 2793 cornum
1276 2724 1454 2813 caleulum,
1474 2724 1657 2816 praesentia
1672 2722 1894 2815 operariorum

324 2895 358 2950 et
387 2884 616 2971 candelarum,
648 2907 770 2975 augere
800 2909 866 2953 una
884 2887 965 2956 hora
987 2897 1242 2976 temperaturam
1266 2907 1388 2953 massae
1410 2884 1510 2971 atris,
1531 2883 1567 2952 in
1587 2884 1740 2975 operibus
1759 2882 1892 2969 obviae,

325 2994 391 3110 60.
420 3047 531 3128 Quum
555 3045 694 3113 intraret
724 3068 900 3114 cosumus
925 3044 961 3112 in
983 3043 1149 3131 fodinam,
1174 3046 1207 3113 d.
1230 3050 1272 3112 22
1294 3044 1434 3136 Augusti
1458 3050 1561 3132 1826,
1584 3053 1640 3112 adr
1660 3056 1811 3114 externus
1833 3045 1891 3110 in-

327 3198 460 3267 dicabat
479 3207 577 3270 2007:
598 3223 702 3290 quum
726 3201 831 3270 exiret
853 3208 963 3270 16016.

415 3362 456 3426 In
483 3360 570 3446 loco,
605 3360 663 3428 ubi
692 3360 863 3429 cuniculus
892 3382 967 3428 cum
997 3370 1097 3449 puteo
1126 3362 1331 3448 conveniret,
1356 3372 1412 3431 atir
1439 3363 1474 3431 in
1496 3362 1629 3454 fastigio
1652 3374 1721 3431 erat
1740 3369 1840 3444 2607,
1863 3363 1897 3429 in

326 3517 395 3586 solo
417 3523 507 3587 2601.
554 3521 595 3589 ln
625 3518 696 3610 ipso
718 3518 889 3604 cuniculo,
922 3522 963 3584 40
997 3518 1110 3586 metris
1136 3542 1155 3587 a
1177 3520 1393 3627 praecedente
1414 3521 1502 3606 loco,
1524 3530 1581 3589 aer
1603 3543 1704 3612 prope
1727 3518 1898 3613 fastigium

327 3673 496 3744 indicabat
518 3681 594 3745 1904
614 3689 647 3745 et
670 3677 705 3744 in
729 3689 876 3746 extremo
896 3676 1050 3747 cuniculo
1070 3683 1183 3747 21066.

310 3881 321 3903 .
414 3837 457 3902 Ut
479 3846 738 3926 temperaturam
751 3834 811 3904 soli
828 3835 992 3905 inveniret
1009 3858 1201 3922 coarmatus,
1219 3860 1295 3904 usus
1317 3851 1365 3906 est
1375 3838 1503 3908 duobus
1519 3838 1754 3922 foraminibus,
1774 3839 1898 3928 angulo

330 3999 384 4060 100
407 3991 591 4080 inclinatis,
613 4016 716 4085 prope
736 4017 771 4063 se
789 3993 931 4064 invicem
949 3993 1036 4079 sitis,
1059 4001 1102 4064 99
1121 3993 1235 4061 metris
1256 3992 1341 4063 infra
1360 3996 1567 4086 superficiem
1586 3996 1659 4065 soli.
1686 3996 1898 4064 Thevmome-

327 4164 396 4236 tra,
424 4152 526 4221 solitis
548 4153 707 4224 adhibitis
728 4154 880 4242 cautelis,
902 4154 996 4224 iniis
1015 4154 1161 4246 deposita
1177 4154 1323 4224 fuerunt.
1372 4159 1481 4225 Unum
1498 4155 1648 4226 foramen
1665 4162 1708 4225 62
1728 4154 1896 4225 centime-

328 4308 402 4395 tris,
427 4311 568 4379 alterum
591 4321 635 4381 62
654 4314 788 4383 centim.
815 4315 851 4383 in
873 4314 980 4384 solum
1000 4326 1238 4406 penetraverat.
1283 4281 1569 4385 Thermometrum
1596 4315 1631 4381 in
1656 4313 1766 4405 priore
1790 4312 1896 4401 depo-

327 4466 427 4551 situm
454 4467 612 4539 indicavit
632 4485 707 4563 post
725 4473 842 4542 horam
869 4479 943 4559 160,
963 4472 1103 4542 alterum
1126 4473 1161 4540 in
1185 4473 1364 4565 posteriore
1389 4480 1500 4544 16027.
1546 4472 1651 4542 Media
1681 4474 1802 4567 harum
1825 4475 1893 4542 ob·

327 4627 568 4717 servationum,
597 4636 719 4701 160166
742 4633 806 4709 crit
827 4632 897 4704 fere
914 4644 1136 4725 temperatura
1158 4632 1227 4704 solo
1243 4632 1385 4727 propria.

411 4840 449 4910 (ι)
486 4844 539 4895 vva.
561 4845 616 4896 ct.
638 4859 693 4912 pag.
709 4844 770 4896 ars.
