4440 6060
1090 591 1131 650 70

421 800 576 865 llnmems
609 795 868 863 observationum
899 791 1099 882 singulamm
1130 811 1196 858 uon
1229 802 1329 880 auget
1360 792 1501 861 valorem
1533 799 1687 881 ereuttts,
1712 799 1796 887 quia
1818 804 1903 872 adeo

331 957 515 1044 frequentes
548 955 686 1024 fuerunt
718 951 970 1033 observationes,
997 965 1034 1019 ut
1059 962 1280 1043 temperatura
1311 948 1422 1020 media
1451 951 1551 1020 unius
1578 955 1718 1042 mensis,
1751 976 1901 1032 4444444444

331 1117 545 1184 determinata
567 1115 677 1184 fiterio

383 1352 389 1361 ,
418 1277 465 1343 Sit
488 1298 565 1366 ergo
588 1274 675 1344 valor
705 1275 802 1343 unius
823 1278 957 1344 eventus
982 1279 1023 1359 P,
1051 1272 1250 1343 diuturnitas
1273 1272 1538 1342 observationum
1559 1279 1600 1362 Τ,
1628 1300 1770 1348 ntunero
1793 1304 1900 1352 men.

327 1433 411 1503 sium
433 1434 668 1520 determinata,
693 1433 881 1502 differentia
905 1434 1119 1504 altitudinum
1145 1435 1288 1503 duorum
1312 1435 1458 1502 looorum
1478 1435 1563 1503 inter
1583 1459 1617 1504 se
1631 1453 1897 1529 comparatorum

326 1597 368 1674 ll,
390 1597 507 1680 -11„
536 1595 649 1662 metris
671 1617 834 1686 expressa;
861 1595 1049 1664 differentia
1071 1594 1234 1663 maximae
1257 1594 1482 1684 minimaeque
1501 1607 1760 1686 temperaturae,
1784 1600 1818 1667 in
1844 1602 1898 1667 al·

325 1754 407 1823 tiore
426 1753 497 1824 loeo
521 1759 589 1838 b„
613 1755 649 1822 in
672 1755 826 1824 inferiore
849 1759 915 1841 ll„
940 1756 1096 1848 gradibus
1118 1755 1304 1826 centesimis
1326 1753 1472 1823 definita.

415 1914 513 1985 Valor
536 1918 561 1982 P
584 1914 856 1985 determinabitur
878 1918 942 1986 hae
965 1917 1179 2009 aequatione;

862 2156 947 2220 r:
962 2092 1023 2182 44
1042 2129 1084 2143 -
1100 2088 1162 2180 4,)
1179 2090 1232 2177 a,

971 2224 1046 2320 rii,
1068 2235 1106 2296 ÷
1121 2219 1214 2315 tsi),-

411 2399 457 2462 Ex
476 2395 587 2462 tabula
606 2414 704 2485 supra
728 2396 870 2486 exposita
892 2418 1039 2463 4444444444
1059 2391 1260 2485 computavit
1282 2392 1360 2460 ggre.
1379 2414 1422 2474 a,
1443 2411 1503 2480 pro
1525 2390 1623 2459 variis
1646 2390 1783 2476 fodinis,
1808 2394 1897 2462 raio-

324 2576 458 2643 rernque
480 2555 736 2646 uniuscujusque
758 2583 800 2643 x,
825 2580 863 2625 ex
886 2568 1049 2646 postrema
1073 2553 1268 2644 aequatione
1290 2549 1532 2621 determinavit.

415 2711 573 2800 Deinceps
595 2713 723 2782 invenit
740 2736 801 2804 pro
823 2726 943 2785 eventu
964 2715 1082 2783 ultimo

768 2901 918 3009 Q
940 2979 986 2995 ··
1008 2903 1186 3006 Q
1210 2980 1255 3021 .-.
1278 2961 1388 3041 2⁰,te,

794 3018 826 3082 s.
849 3018 893 3081 1³2
940 3006 986 3022 “
1032 3020 1185 3082 4444444

324 3218 389 3285 quo
422 3196 525 3288 igitur
556 3197 718 3266 iudioatur
747 3199 987 3271 incrementum
1010 3199 1159 3269 medium
1181 3211 1421 3288 temperaturae
1444 3217 1504 3286 pro
1527 3193 1704 3264 altitudine
1730 3200 1792 3262 100
1817 3218 1893 3265 me-

323 3369 447 3424 trorum
469 3357 537 3423 siae
561 3365 596 3421 1⁰
616 3378 676 3444 pro
699 3359 944 3443 41,stmetris.

411 3512 585 3603 Supposito
606 3513 699 3582 nullo
722 3536 832 3582 ermre
854 3528 1039 3601 oonstante,
1061 3536 1151 3584 error
1168 3514 1347 3604 probabilis
1367 3516 1445 3600 erit,
1466 3517 1580 3604 judioe
1605 3538 1754 3602 44444444,
1775 3515 1810 3583 in
1833 3538 1893 3583 su·

321 3671 450 3761 periore
470 3671 596 3740 calculo
620 3676 667 3738 ε’
684 3678 809 3754 03065.

411 3833 508 3919 Quod
531 3833 650 3903 attinet
672 3834 714 3902 ad
736 3833 1003 3926 probabilitatem
1023 3837 1140 3906 erroris
1160 3838 1356 3923 oonstantis,
1381 3837 1583 3906 monendum
1604 3849 1715 3905 censet
1730 3856 1888 3919 4444444444,

323 3993 496 4062 nonnullas
515 4015 625 4060 causas
642 3994 688 4061 ita
712 4017 811 4086 agere
833 4007 872 4062 ut
887 4008 1048 4086 augeant,
1068 3996 1147 4064 alias
1174 4010 1212 4063 ut
1234 3997 1387 4063 minuant
1407 4008 1661 4087 temperaturam
1687 3996 1888 4065 fodinarum.

322 4155 374 4222 Ad
395 4153 520 4246 priores
541 4151 710 4240 pertinent
736 4152 919 4241 praesentia
950 4153 1173 4244 operariorum
1203 4167 1237 4222 et
1256 4153 1440 4235 luminum,
1466 4152 1669 4244 explosioner
1691 4175 1751 4244 per
1776 4154 1892 4244 pulve-

322 4338 391 4385 rem
416 4314 593 4400 ditrutam,
619 4312 816 4404 oompressio
841 4313 941 4385 aeris:
967 4313 1011 4383 ud
1033 4314 1227 4406 posteriores
1253 4325 1308 4385 aer
1329 4329 1501 4400 externus,
1525 4313 1585 4404 qui
1609 4312 1638 4381 si
1663 4311 1818 4402 frigidior
1842 4323 1891 4378 eat

323 4483 397 4543 aere
418 4474 607 4546 lodiuarum
631 4497 760 4566 semper
779 4474 815 4544 in
835 4498 889 4545 444
916 4474 1105 4561 deseendit,
1130 4496 1214 4566 aqua
1240 4500 1259 4545 e
1283 4475 1505 4568 superioribus
1529 4472 1678 4566 partibus
1698 4492 1806 4539 versus
1827 4469 1889 4537 in-

323 4631 418 4699 fimas
440 4633 608 4724 defluens,
635 4635 820 4728 evaporatio
844 4635 915 4707 fere
941 4660 1009 4710 non
1041 4638 1223 4730 interrupta
1252 4637 1288 4707 in
1311 4635 1434 4708 fodinis
1466 4634 1705 4728 propemodum
1737 4629 1890 4700 omnibus

322 4791 396 4881 plus
419 4789 568 4861 minuare
588 4795 746 4865 humidis.
