4440 6060
1217 596 1259 657 92

453 814 591 893 apparet
628 801 845 891 praesentiam
881 797 1102 890 operariorum
1138 806 1172 861 et
1206 789 1371 860 luminum
1405 813 1470 859 non
1509 814 1577 859 esse
1613 792 1746 859 unicam
1776 795 1892 864 caloris
1931 797 2023 865 fodi-

451 983 569 1027 ssal'llm
589 982 697 1027 califa.

542 1118 575 1183 si
612 1118 695 1186 haec
726 1131 836 1184 autem
863 1114 929 1182 sola
957 1113 1101 1194 adesset,
1134 1110 1233 1180 etium
1269 1133 1336 1179 non
1366 1110 1439 1179 fieri
1470 1125 1578 1201 posset
1609 1126 1646 1179 ut
1672 1114 1777 1204 major
1798 1128 2019 1205 temperatura

454 1278 675 1347 observaretur
710 1276 745 1342 in
776 1275 848 1344 loco
882 1272 1017 1343 fodinae
1037 1271 1095 1339 ubi
1122 1270 1232 1338 nullus
1256 1266 1342 1338 adsit
1361 1270 1548 1360 operarius,
1571 1292 1673 1360 quam
1695 1272 1731 1339 in
1756 1272 1821 1342 alio
1844 1274 1903 1341 uhi
1924 1277 2020 1342 multi

452 1435 669 1503 inveniantur.

540 1595 694 1660 Attamen
721 1590 862 1659 vidimus
887 1613 964 1681 pag.
987 1598 1028 1658 33
1067 1613 1234 1675 novumn,
1257 1591 1518 1658 strenuissimum
1543 1591 1639 1658 illum
1661 1592 1776 1662 caloris
1800 1594 1884 1662 iufra
1910 1618 2021 1686 super·

451 1750 561 1818 ficiem
586 1750 646 1818 soli
668 1749 871 1842 augescentis
891 1761 1170 1840 oppugnatorem,
1192 1748 1351 1818 invenisse
1377 1749 1413 1816 in
1435 1750 1548 1818 fodina
1571 1752 1665 1818 Enet
1679 1753 1850 1822 Abraham
1869 1753 1905 1820 in
1934 1755 2019 1822 alti-

449 1909 566 1976 tudine
599 1915 663 1976 422
696 1922 877 1977 metrorum
908 1923 1165 2001 temperaturam
1190 1918 1259 1995 3⁰⁶,
1290 1916 1325 1976 in
1359 1913 1428 1978 Ioco
1456 1914 1512 1976 uti
1540 1914 1652 1978 nultus
1681 1913 1802 1980 adem
1825 1919 2017 2003 operarius,

449 2089 553 2157 quum
575 2069 611 2135 in
636 2069 752 2137 eadem
776 2070 972 2155 altitudine,
1002 2071 1060 2139 ubi
1080 2068 1231 2138 nonnulli
1260 2068 1446 2158 degebant,
1469 2069 1644 2138 invenisset
1667 2075 1757 2138 2809.

538 2230 631 2296 Idem
666 2244 779 2298 auctor
815 2243 951 2300 testatur
984 2255 1001 2297 a
1042 2253 1075 2297 se
1111 2228 1313 2298 observatam
1347 2250 1415 2296 esso
1450 2242 1703 2320 temperaturam
1738 2237 1842 2313 2506,
1879 2233 1915 2299 in
1947 2234 2018 2301 loco

449 2388 581 2458 fodinae
612 2389 758 2478 Oatfield
785 2392 938 2482 operibus
957 2391 1128 2481 proximo,
1154 2391 1189 2458 in
1211 2388 1387 2457 altitudine
1413 2394 1476 2459 406
1496 2382 1676 2459 me'trorum
1688 2417 1698 2478 3
1721 2413 1825 2480 quum
1851 2392 1886 2458 in
1904 2392 2017 2459 eadem

449 2549 640 2634 altitudine,
673 2553 731 2620 sod
759 2553 793 2620 in
833 2553 904 2621 loco
939 2555 1045 2644 magis
1081 2553 1216 2638 abdito,
1245 2550 1420 2621 invenisset
1452 2558 1530 2618 2702
1559 2551 1618 2641 (l).
1665 2551 1754 2636 Quid
1774 2552 1881 2641 majus
1900 2549 2017 2617 afferre

449 2724 679 2799 argumentum
715 2712 873 2801 potuisset
897 2716 1062 2798 llomus,
1101 2726 1139 2779 ut
1165 2712 1351 2781 ostenderet
1371 2712 1589 2802 praesentiam
1616 2711 1839 2801 operariorum
1864 2733 1932 2781 non
1951 2733 2019 2778 esse

449 2867 548 2936 solam
585 2880 698 2936 auctae
734 2882 974 2959 temperaturae
1008 2869 1195 2938 fodinarum
1230 2893 1372 2939 causam.
1438 2870 1497 2938 Cui
1528 2870 1660 2959 insuper
1694 2871 1757 2936 hoc
1789 2867 1867 2935 addi
1898 2881 2014 2956 potest.

448 3027 638 3095 Invenimus
671 3027 707 3094 in
735 3029 951 3118 praecedente
970 3031 1078 3121 capite
1098 3030 1167 3101 fere
1189 3031 1294 3099 ubivis
1319 3042 1571 3122 temperaturam
1603 3040 1819 3114 crescentem,
1850 3050 1918 3119 quo
1938 3050 2017 3119 pro-

449 3187 583 3256 fundius
616 3186 651 3255 in
681 3188 810 3259 fodinas
838 3205 1059 3281 penetremus.
1118 3195 1204 3260 Num
1241 3214 1321 3282 ergo
1352 3212 1485 3280 quoque
1524 3189 1560 3256 in
1596 3188 1711 3258 eadem
1745 3187 1873 3258 ratione
1896 3201 2018 3256 crescat

450 3372 605 3417 numerus
634 3350 880 3438 operariorum?
925 3351 1070 3420 llinime.
1116 3356 1233 3418 Foxrus
1255 3363 1368 3420 monet
1394 3349 1429 3417 in
1457 3349 1624 3439 plerisque
1647 3347 1769 3416 fodinis
1796 3347 1905 3437 plures
1935 3369 2005 3437 ope

450 3505 550 3575 rarios
576 3507 716 3575 inveniri
745 3509 781 3576 in
816 3509 991 3578 altitudine
1019 3515 1061 3579 40
1089 3511 1132 3578 ad
1165 3517 1207 3580 60
1232 3524 1411 3580 metrorum
1439 3530 1535 3598 supro
1566 3505 1698 3576 fodinae
1716 3504 1886 3592 fundum,
1915 3529 2016 3596 quam

452 3664 485 3732 in
512 3666 618 3734 fundo
654 3666 722 3757 ipso
762 3666 818 3757 (2).
884 3667 956 3738 Alio
985 3669 1056 3738 loeo
1090 3672 1138 3760 (3)
1171 3670 1252 3739 dicit
1285 3670 1321 3737 in
1353 3676 1393 3737 15
1427 3665 1570 3752 fodinis,
1618 3688 1758 3755 quarum
1785 3677 2017 3758 temperaturas

452 3826 575 3895 medias
608 3826 740 3911 retulit,
775 3849 913 3918 parvum
943 3827 1041 3900 fuisse
1069 3830 1294 3922 operariorum
1314 3849 1509 3913 numerum;
1540 3838 1573 3894 et
1599 3829 1777 3918 ubicunqne
1800 3828 1902 3892 mntta'
1918 3826 2018 3894 ades·

453 3995 542 4069 sent,
577 3989 627 4052 ibi
653 3989 762 4076 major
788 4011 899 4056 eornm
933 4014 1087 4058 numerus
1117 3998 1154 4059 in
1185 3991 1294 4058 mediis
1322 3989 1517 4073 altitudine,
1556 4011 1654 4078 quain
1685 3992 1721 4052 in
1738 3986 1851 4074 fundo
1872 3985 2018 4074 fodinae

451 4149 681 4214 inveniebatur.

541 4309 581 4374 In
606 4328 727 4398 genere
750 4329 829 4398 ergo
852 4309 1015 4381 conclusio
1041 4325 1148 4384 nostra
1170 4338 1266 4407 supra
1291 4326 1470 4385 memorata
1504 4307 1753 4403 »praesentiam
1774 4305 2018 4399 operariorum.

518 4605 556 4673 (1)
582 4605 653 4674 Gens.
674 4609 749 4678 ἧψε
770 4609 843 4658 Diu.
857 4621 912 4674 pag.
932 4606 978 4656 ⁸2.

521 4718 557 4786 (2)
592 4721 709 4772 Gttdcrt's
721 4727 784 4773 Asin.
795 4721 895 4774 mvl.
905 4736 959 4790 με.
971 4723 1033 4776 451.

519 4831 557 4902 (ὅ)
593 4835 676 4904 Eiq'as
694 4837 763 4886 Diu.
782 4852 836 4904 με.
852 4838 895 4891 41.
