4440 6060
952 1376 1481 1520 ouansrronnn

1139 1686 1333 1751 -Q—-·

1206 1990 1232 2047 1.

519 2140 730 2219 Temperatura
755 2136 834 2198 insra
862 2149 955 2198 torrae
983 2135 1172 2217 superficiem
1202 2093 1355 2211 oreooens,
1383 2136 1448 2196 sola
1468 2157 1504 2196 ao
1524 2156 1578 2217 per
1599 2157 1629 2196 se
1653 2155 1717 2194 non
1736 2134 1845 2217 probat
1865 2135 2003 2197 tellurem

435 2299 567 2349 nostram
589 2290 662 2349 olim
682 2287 881 2349 incanduisse.

520 2532 526 2542 ι
1213 2439 1253 2499 ll.

513 2591 660 2651 Tellurmt
680 2603 813 2653 nostram
834 2591 921 2652 initio
940 2588 1088 2674 liquidam
1108 2589 1196 2650 fnisse
1216 2586 1298 2650 illino
1318 2587 1415 2650 forma
1433 2586 1569 2651 indicare
1591 2588 1717 2652 ridetur.

1194 2741 1251 2805 111.

517 2889 721 2952 Lithontmooo
741 2889 983 2975 qnibuoonmqne
1003 2890 1126 2954 dunum
1144 2893 1180 2954 in
1195 2891 1313 2955 telltio
1333 2892 1505 2976 regionibns
1525 2893 1733 2964 imminutor,
1753 2900 1784 2948 et
1795 2888 1916 2969 originis
1933 2900 2005 2947 nant

433 3041 627 3125 vegetabilee,
648 3050 679 3102 et
696 3040 890 3124 vegetabili„
911 3060 1042 3125 quorum
1060 3034 1258 3127 reliquiae'in
1277 3045 1313 3105 iia
1332 3045 1545 3122 munimur,
1566 3042 1669 3104 omnia
1682 3038 1757 3103 dum
1769 3039 2004 3120 virebantjtro-

434 3195 538 3275 picum
558 3195 648 3255 olima
669 3192 891 3284 habitaverunt.

1190 3325 1242 3384 lv.

513 3471 680 3552 Conohylin
709 3471 825 3531 marina
850 3471 978 3548 sossilin,
1005 3495 1082 3556 quae
1106 3472 1225 3535 diversis
1244 3474 1279 3533 in
1301 3472 1473 3554 regionibus
1494 3494 1604 3555 magna
1626 3473 1713 3553 copia
1734 3473 1768 3530 in
1788 3469 1943 3531 montibus
1964 3469 2003 3529 ad

435 3622 625 3682 altitudinem
646 3620 761 3704 aliquot
780 3620 974 3682 millenorum
994 3635 1159 3686 metrorum
1179 3624 1391 3703 observantur,
1412 3625 1476 3686 sola
1496 3644 1561 3684 non
1574 3620 1729 3683 sufficiunt
1740 3619 1779 3681 ad
1792 3619 2001 3703 probandum,

436 3774 525 3833 marie
544 3771 680 3833 libellam
701 3772 773 3831 olim
794 3772 881 3833 fuisse
902 3772 1057 3835 elevatam.

1207 3907 1241 3965 V.

517 4051 593 4109 Saxa
615 4051 778 4132 primitiva,
800 4075 877 4136 quae
898 4052 1057 4131 dicunmr,
1088 4055 1188 4137 qtralia
1209 4077 1294 4116 nuno
1315 4056 1436 4118 diversio
1458 4058 1490 4116 in
1511 4056 1585 4117 locis
1606 4057 1689 4118 nuda
1709 4059 1740 4117 in
1761 4058 1875 4118 telluris
1896 4076 2004 4137 euper-

438 4200 537 4261 ficiem
558 4200 806 4282 conspiciuntur,
827 4210 948 4264 tanturn
967 4226 1032 4266 non
1052 4225 1168 4288 semper
1189 4229 1242 4290 per
1262 4208 1345 4283 rim,'
1362 4207 1401 4267 ab
1421 4207 1554 4268 inferiori
1576 4228 1693 4269 sursum
1706 4219 1859 4291 agentem,
1880 4209 2005 4268 suerunt

438 4352 469 4409 in
490 4351 585 4411 altum
606 4352 728 4413 elevata.

1198 4487 1248 4547 vt

521 4628 979 4733 Observationesutemperaturae
995 4658 1090 4720 aquae
1110 4637 1277 4699 admodum
1293 4639 1417 4722 frigidae
1432 4639 1466 4698 in
1482 4635 1670 4697 inferioribus
1683 4635 1807 4696 lacuum
1817 4635 2005 4717 mariumque

344 4784 349 4797 ’
441 4776 594 4858 partibus,
616 4799 678 4837 nou
701 4795 882 4864 oppugnant
902 4791 1071 4864 augescenti
1092 4807 1162 4848 cum
1182 4786 1387 4870 profunditate
1408 4785 1579 4848 lodinarum
1599 4795 1826 4868 temperaturae.
