4440 6060
1100 591 1164 652 100

333 802 612 872 observationibus
647 801 746 867 etiam
777 793 1043 865 annumerandae
1070 806 1163 874 sunt,
1192 815 1277 882 quae
1306 793 1474 860 institutae
1508 794 1646 862 fuerunt
1673 820 1692 864 a
1719 821 1900 888 connum,

333 986 465 1029 narcaro
492 985 553 1029 nec
578 983 644 1029 non
667 950 869 1026 nonomican.
916 959 956 1022 ln
975 954 1041 1021 illis
1065 953 1156 1021 enim
1180 953 1334 1021 omnibus
1354 953 1588 1021 thermomatra
1610 954 1749 1024 demissa
1769 958 1903 1028 fatorum

334 1120 369 1188 in
390 1120 606 1188 foraminibus
625 1120 661 1184 in
684 1118 753 1206 ipso
774 1137 850 1182 saxo
866 1114 1034 1183 confectis.
1081 1117 1266 1181 Bonnmrcra
1289 1125 1401 1179 autem
1419 1124 1455 1180 ct
1478 1111 1630 1202 inprimis
1650 1138 1774 1183 annam
1797 1119 1905 1188 obaer-

331 1280 516 1348 vationibus
546 1290 714 1368 propterea
752 1300 873 1367 magna
907 1274 989 1341 fides
1021 1272 1196 1339 tribuenda
1223 1283 1289 1356 est,
1322 1272 1399 1359 quia
1425 1294 1499 1361 per,
1511 1273 1589 1340 satia
1615 1274 1753 1365 longum
1772 1289 1902 1368 tempu

330 1439 506 1529 perductae
538 1436 684 1504 fuerunt.
726 1430 842 1519 'Quum
867 1448 979 1501 tamen
1014 1456 1076 1499 nec
1103 1434 1184 1515 hae,
1213 1430 1424 1518 caeteroquin
1457 1454 1536 1522 prae
1559 1433 1631 1500 aliis
1659 1435 1812 1505 citandae
1834 1438 1903 1507 ob-

330 1596 545 1676 servationes,
578 1595 685 1662 ubivis
718 1594 805 1660 idem
841 1592 956 1660 caloris
991 1592 1231 1659 incrementum
1267 1589 1433 1670 indicent,
1468 1590 1548 1658 hinc
1577 1594 1726 1682 requitur
1758 1596 1794 1663 in
1823 1619 1902 1666 cm-

328 1756 426 1822 nibus
455 1754 735 1823 observationibus
767 1753 876 1819 adhuc
905 1749 1009 1818 multa
1043 1752 1164 1836 latere,
1193 1772 1278 1839 quae
1312 1763 1438 1818 certum
1471 1774 1509 1819 ao
1533 1753 1806 1822 mathematicum
1842 1757 1904 1824 in-

329 1916 438 1981 dicare
479 1927 715 2004 temperaturae
751 1911 836 1978 infra
872 1909 1079 2001 superficiem
1116 1910 1243 1978 tellaria
1280 1911 1543 1992 incrementum,
1571 1913 1741 2002 hucusque
1782 1916 1904 2005 prohi-

327 2075 438 2142 leant.

415 2236 448 2303 Si
470 2235 544 2324 quis
565 2247 676 2302 tamen
689 2245 784 2323 putet
804 2233 945 2301 calorem
968 2232 1155 2303 fodinamm
1175 2255 1308 2301 omnem
1329 2232 1545 2323 epraeaentia
1559 2236 1794 2324 operariorum,
1814 2253 1895 2306 caet.

326 2395 480 2484 explicari
505 2417 615 2485 ponae,
641 2394 684 2475 is,
709 2416 845 2483 quaeso,
867 2394 1021 2484 inspiciat
1042 2392 1282 2461 observationes
1303 2403 1544 2480 temperaturae
1568 2414 1728 2480 aquarum
1750 2419 1769 2463 e
1790 2395 1898 2464 fonti-

325 2554 386 2620 bus
416 2553 528 2623 foratis
558 2553 805 2643 profluentium.
861 2554 950 2638 Quid
970 2553 1061 2621 enim
1085 2551 1189 2642 magis
1215 2551 1424 2641 perspicuum
1443 2566 1679 2643 argumentum
1703 2555 1775 2622 dari
1796 2555 1897 2645 poasit

324 2710 438 2778 caloris
456 2725 631 2778 stratorum
654 2710 874 2781 inferiorum?
895 2712 931 2778 in
953 2711 1085 2777 illorum
1096 2710 1186 2777 enirn
1201 2731 1319 2797 aquam
1337 2732 1404 2778 non
1425 2709 1491 2777 vim
1513 2725 1665 2779 exercent
1678 2735 1787 2802 neqm
1800 2736 1896 2804 prae-

323 2870 426 2938 sentia
449 2868 673 2959 operariorum
695 2881 752 2936 aut
772 2868 957 2951 luminum,
979 2889 1087 2955 neque
1110 2866 1312 2957 exploaiones
1326 2891 1386 2958 per
1399 2868 1569 2958 pulverem
1590 2870 1769 2954 nitratum,
1784 2893 1894 2958 neque

323 3028 408 3096 ictua
438 3041 472 3095 et
507 3026 687 3095 frictiones.
734 3030 773 3094 In
794 3025 973 3094 corollariia
993 3049 1032 3094 ex
1056 3027 1177 3092 harum
1202 3048 1363 3115 aquarum
1385 3038 1602 3116 temperatura
1626 3026 1806 3114 ducendis,
1834 3041 1895 3095 ta-

322 3211 399 3256 men
430 3189 494 3255 hoe
523 3188 726 3256 monendum
762 3200 829 3254 eat:
864 3185 1074 3255 altitudinem
1105 3193 1199 3275 putei·
1227 3206 1296 3252 non
1317 3207 1447 3280 semper
1467 3185 1615 3253 indicare
1634 3184 1894 3276 profunditatem

321 3347 518 3437 receptaculi
540 3347 630 3415 unde
655 3369 739 3436 aqua
763 3347 923 3435 profluat,
947 3358 985 3411 ut
1009 3344 1143 3435 egregie
1165 3345 1296 3412 monuit
1315 3368 1498 3413 mannorrna
1519 3345 1577 3435 (l).
1624 3349 1706 3414 llam
1727 3368 1812 3435 aqua
1835 3368 1894 3437 per

321 3517 460 3597 puteum
483 3502 610 3592 aliquot
631 3516 831 3590 metrorum,
852 3504 1007 3589 effluam,
1023 3504 1116 3571 ducit
1135 3527 1231 3594 aaape
1251 3504 1416 3594 originem
1434 3527 1453 3572 e
1468 3505 1672 3595 receptaculo
1689 3505 1796 3575 multo
1813 3529 1895 3597 pro-

198 3674 202 3679 '
322 3663 458 3732 fundiua
477 3664 629 3753 jacente,
659 3660 748 3729 unde
772 3683 869 3752 saepe
893 3661 933 3728 fit
955 3675 993 3729 ut
1016 3661 1143 3731 indicet
1175 3674 1431 3753 temperaturam
1452 3663 1551 3731 nimia
1576 3679 1706 3733 anetam
1729 3687 1789 3757 pm
1809 3664 1893 3733 alti-

321 3823 438 3891 tudine
459 3830 563 3913 putei.
610 3821 708 3906 Quod
727 3834 840 3890 tamen
860 3845 927 3891 non
946 3823 1090 3913 pertinet
1109 3824 1153 3891 ad
1172 3822 1429 3909 ohservationes,
1455 3822 1568 3913 quales
1591 3823 1760 3893 institutae
1780 3823 1848 3890 aint
1874 3847 1893 3890 a

279 3967 283 3973 ’
321 4005 478 4050 mannaan
500 4005 541 4048 ιιι
562 4004 723 4047 anmnrna
746 3994 780 4048 et
800 4005 842 4048 ιιι
863 4004 904 4048 ιι
928 4005 1006 4050 nm
1028 4007 1069 4051 rr
1090 4007 1239 4072 mear,
1262 3984 1308 4052 ita
1334 3983 1440 4051 uthis
1457 3983 1593 4054 omnino
1613 3982 1695 4051 fider
1715 3981 1893 4048 tribuenda

322 4143 382 4228 ait,
407 4154 507 4231 atque
528 4141 608 4227 hae,
632 4141 682 4208 uti
705 4141 795 4208 idem
816 4165 998 4212 araoaorma
1018 4142 1267 4232 animadvertit,
1290 4157 1461 4234 nmquam
1480 4162 1614 4212 normae
1634 4140 1755 4210 talium
1775 4139 1896 4209 obaer-

321 4301 488 4371 vationum
511 4298 629 4369 haberi
650 4312 796 4392 ponunt

411 4461 506 4531 Iliaca
528 4461 641 4551 itaque
665 4462 840 4553 expositis,
866 4465 1037 4555 sequentia
1063 4464 1257 4537 concludere
1281 4485 1468 4556 poeaarmw

323 4669 395 4683 fi...-

392 4792 432 4864 (ι)
459 4795 584 4860 amna
603 4801 664 4847 a...
682 4798 772 4850 mr.
790 4815 846 4866 pag.
861 4797 944 4850 ιιι·
