4440 6060
1091 619 1133 680 66

328 853 424 922 saepe
444 830 510 899 fuit
529 829 740 922 perdifficile,
767 825 916 897 omnium
940 820 1176 890 difficillimum
1196 833 1307 889 autem
1331 821 1479 891 invenire
1503 823 1614 893 locum
1636 825 1812 914 idoneum,
1836 831 1895 899 ubi

328 993 546 1082 deponeretur
566 991 839 1059 thermometrum
859 984 920 1054 soli
941 981 1127 1075 superficiei
1149 980 1348 1073 proximum.

415 1153 572 1217 Rmemm
601 1150 665 1218 hoc
696 1147 795 1215 modo
829 1152 870 1213 45
902 1143 1063 1233 disposuit
1084 1143 1318 1213 thermometra
1351 1140 1386 1209 in
1421 1147 1461 1210 14
1486 1141 1621 1213 fodinis.
1668 1149 1801 1217 Invenit
1820 1153 1892 1242 jam

326 1308 452 1394 statim,
483 1309 518 1375 in
546 1304 748 1397 paucissimis
769 1319 900 1374 tantum
922 1306 1002 1375 locis
1023 1306 1258 1374 tbermometra
1280 1303 1428 1373 indicare
1446 1316 1705 1397 temperaturam
1733 1325 1894 1381 consun-

328 1480 412 1552 tem,
436 1468 526 1535 unde
545 1466 608 1558 ipsi
629 1465 782 1556 apparuit
804 1463 886 1533 aeris
908 1463 1103 1534 variationes
1124 1464 1283 1554 majorem
1306 1487 1456 1535 exercere
1477 1467 1565 1560 vim,
1582 1468 1619 1538 in
1638 1484 1895 1563 temperaturam

327 1624 391 1692 saxi
421 1624 601 1716 parietum,
636 1648 737 1716 quam
766 1624 906 1693 antebac
930 1625 993 1692 rati
1012 1623 1152 1692 fuissent
1168 1623 1231 1691 riri
1251 1624 1351 1693 docti.
1399 1630 1491 1695 Hanc
1513 1649 1584 1696 rem
1609 1652 1689 1722 ergo
1712 1633 1895 1702 accuratius

326 1788 534 1880 investigavit
547 1811 694 1856 amcams
714 1789 749 1856 in
765 1785 931 1855 nonnullis
944 1785 1041 1871 locis,
1056 1785 1219 1876 suspensis
1238 1786 1484 1855 thermometris
1504 1786 1607 1857 libero
1621 1789 1656 1856 in
1679 1800 1770 1879 a'e‘re,
1792 1815 1896 1884 prope

326 1948 383 2015 illa
410 1971 499 2037 quae
525 1947 761 2034 foraminibus,
788 1968 885 2016 arena
913 1945 1065 2036 repletis,
1098 1944 1221 2016 inclusa
1253 1962 1376 2033 essent3
1401 1947 1529 2016 invenit
1556 1962 1666 2018 autem
1695 1950 1731 2018 in
1753 1972 1893 2042 genere,

326 2109 503 2199 posteriora
530 2109 695 2199 prioribus
726 2108 882 2196 majorem
907 2105 1054 2173 indicare
1077 2060 1334 2194 temperaturam
1356 2107 1512 2175 mediam.
1563 2109 1809 2179 Thermometra
1833 2113 1893 2181 soli

325 2271 510 2362 superficiei·
540 2271 687 2363 proxima
713 2269 868 2337 inservire
901 2266 1068 2335 debebant
1094 2265 1138 2333 ad
1166 2265 1450 2334 determinandam
1469 2279 1725 2358 temperaturam
1750 2272 1893 2340 mediam

324 2432 486 2524 regionis,
516 2431 552 2497 in
574 2452 639 2519 qua
660 2429 919 2519 deponebantur.
977 2432 1063 2495 Haec
1094 2441 1145 2495 ter
1175 2448 1374 2516 unaquaque
1398 2427 1605 2499 hebdomade
1626 2430 1891 2500 observabantur.

327 2597 366 2659 ln
389 2615 502 2659 eorum
523 2591 689 2659 vicinitate
715 2589 777 2655 alia
799 2610 952 2677 suspensa
977 2598 1069 2654 erant
1085 2585 1338 2672 thermometra,
1360 2590 1397 2655 in
1418 2597 1492 2657 aere
1505 2587 1611 2658 libero
1625 2589 1891 2680 abnoapbacrico,

325 2774 392 2842 quo
411 2751 594 2843 promptior
617 2749 700 2819 atris
718 2761 753 2818 et
772 2749 832 2817 soli
852 2760 1091 2837 temperaturae
1110 2748 1310 2839 comparatio
1334 2747 1462 2816 institui
1482 2761 1598 2838 pamt

415 2912 632 3001 Reliquorum
661 2910 990 2994 thermometrorum,
1024 2911 1066 2977 ad
1096 2909 1199 2977 varias
1226 2909 1416 2978 altitudines
1442 2909 1478 2975 in
1508 2907 1631 2976 fodinis
1656 2908 1889 2995 demissorum,

325 3073 524 3142 notabantur
546 3084 804 3163 temperaturae,
837 3069 889 3138 bis
914 3092 974 3161 per
993 3071 1249 3140 hebdomadem.
1295 3070 1421 3141 Exactis
1442 3069 1549 3139 tribus
1567 3069 1735 3138 mensibus
1758 3092 1890 3138 narcara

324 3234 542 3326 referebatur,
565 3232 649 3323 quid
671 3199 877 3302 observatum
898 3232 1022 3302 fuisset.
1068 3233 1244 3321 Pleraeque
1264 3233 1326 3301 hae
1349 3231 1588 3301 observationes
1610 3232 1655 3299 ita
1675 3253 1734 3322 per
1755 3245 1819 3299 tres
1833 3254 1890 3297 an·

325 3419 382 3465 nos
404 3397 613 3465 continuatae
632 3395 778 3463 fuerunt.

414 3555 454 3621 In
471 3551 728 3622 determinandis
747 3551 996 3636 altitudinibus,
1021 3573 1133 3621 omnes
1155 3551 1218 3620 bae
1240 3551 1361 3622 relatae
1381 3566 1458 3621 sunt
1478 3576 1497 3621 a
1519 3574 1652 3620 amomo
1672 3551 1714 3620 ad
1728 3564 1887 3643 punctum

324 3713 487 3801 normale,
517 3715 552 3782 in
583 3727 683 3805 ponte
706 3712 796 3781 Albis
825 3713 917 3781 fluvii
945 3713 1085 3782 Dresdae
1109 3724 1276 3799 notatum,
1296 3714 1387 3803 quod
1405 3728 1565 3805 punctum
1590 3725 1763 3783 autumant
1788 3711 1886 3779 situm

324 3901 391 3947 esse
415 3885 513 3964 101,6
535 3878 648 3949 metris
669 3900 766 3970 supra
790 3877 910 3947 Oceani
931 3876 1149 3968 superficiem.

412 4040 564 4132 Singulas
585 4040 641 4108 hlc
670 4063 818 4109 enarrare
843 4064 965 4108 antean
986 4039 1226 4110 observationes
1249 4037 1285 4104 in
1306 4035 1402 4104 variis
1421 4035 1558 4118 fodinis,
1585 4045 1643 4098 aut
1663 4031 1886 4097 demonstrare

324 4201 453 4292 quantis
474 4201 560 4271 curis
582 4215 616 4271 et
637 4196 771 4270 cautelis
789 4201 956 4271 institutae
981 4201 1123 4286 fuerint,
1147 4222 1213 4269 non
1234 4198 1349 4266 sinunt
1368 4189 1602 4264 dimertationis
1622 4188 1754 4257 limites.
1790 4191 1887 4254 Sum-

324 4384 410 4431 mam
433 4366 583 4436 omnium
605 4363 867 4436 observationum
889 4365 970 4435 baec
992 4362 1102 4433 tabula
1124 4362 1161 4431 in
1181 4369 1391 4451 conspectum
1413 4351 1517 4421 dabit.
