4440 6060
1092 619 1134 680 77

409 829 555 909 Susam,
583 823 642 913 qui
672 823 733 891 has
763 818 1001 891 observatiam
1028 817 1158 902 retulit,
1189 818 1288 885 simul
1320 818 1508 909 indagavit,
1538 816 1622 906 quid
1654 838 1693 884 ex
1717 814 1757 882 iis
1789 813 1887 881 liceat

323 985 527 1053 concludere.
562 982 616 1051 td
638 981 878 1050 instituendum
901 978 1030 1047 illarum
1052 979 1226 1066 caleulum,
1252 977 1398 1070 primum
1424 998 1640 1068 unaquaeque
1661 973 1842 1044 observatio
1854 971 1888 1038 in

323 1143 410 1211 hane
435 1140 674 1231 aequationem.

980 1299 1005 1365 Τ
1018 1320 1064 1363 ·.·..·
1085 1299 1113 1363 A
1129 1315 1167 1377 ÷
1184 1317 1203 1365 a
1218 1322 1245 1363 τε

324 1458 453 1527 redacta
470 1456 547 1528 fuit.
592 1462 685 1543 Quae
706 1454 857 1546 aequatio
878 1454 996 1531 similis
1019 1467 1069 1523 est
1091 1455 1160 1541 illi,
1183 1476 1286 1544 quam
1308 1453 1464 1523 adhibuit
1479 1473 1658 1520 sosssonus.

410 1618 436 1683 Τ
458 1627 508 1684 est
531 1615 623 1683 enim
644 1625 863 1704 temperatura
888 1613 1055 1682 observata
1501 1564 1511 1581 .

411 1779 440 1844 Δ
464 1783 684 1864 temperatura
706 1773 902 1866 (incognita)
924 1771 1120 1864 supmfioiei.

411 1957 431 2001 a
451 1933 592 2002 altitudo
614 1933 706 2024 putei

412 2117 439 2158 x
460 2091 701 2163 incrementum
720 2102 959 2184 temperaturae
976 2114 1038 2183 pro
1059 2090 1241 2161 altitudine
1264 2089 1363 2161 unius
1382 2091 1491 2161 metri.

413 2253 541 2317 Sessar
576 2271 680 2349 qnam
700 2249 992 2359 'animadverteret
1023 2249 1168 2319 valorem
1204 2249 1462 2341 uniuscujusque
1487 2247 1720 2322 ohsemationis
1751 2250 1895 2339 pendere

324 2435 344 2478 a
363 2409 455 2500 eopia
478 2430 583 2500 aquae
608 2414 770 2501 s'puteo,
792 2416 834 2479 st
858 2410 1017 2480 horarum
1035 2407 1225 2494 intarrdh,
1249 2408 1405 2496 effluxae,
1429 2408 1530 2500 hujus
1549 2407 1651 2479 etism
1670 2407 1720 2479 rei
1735 2409 1895 2478 rationem

324 2566 515 2636 habendam
536 2590 605 2637 esse
629 2567 755 2637 statuit.
800 2569 885 2637 Nam
906 2568 935 2637 si
958 2580 1092 2639 rooetm
1108 2568 1194 2639 haee
1215 2567 1309 2659 eopia
1338 2571 1387 2655 tt,
1415 2568 1522 2661 prims
1546 2570 1700 2660 sequtio
1727 2569 1814 2639 hanc
1837 2592 1893 2637 as-

325 2737 433 2794 sumet
454 2725 596 2795 formam

860 2876 960 2957 'm'l'
989 2911 1035 2954 =
1065 2892 1141 2956 mh
1169 2909 1207 2970 -ι-
1233 2911 1339 2959 max

278 3113 280 3116 ,
413 3047 534 3113 Auctor
554 3045 658 3136 igitur
677 3047 739 3114 sibi
768 3060 817 3117 tot
840 3050 1046 3139 eampasavit·
1061 3051 1283 3138 aequatione,
1305 3062 1388 3141 quot
1408 3049 1658 3120 observationes.
1684 3054 1757 3127 Hae,
1774 3074 1897 3142 aequa-

327 3204 433 3272 tiones
452 3204 539 3271 inter
560 3227 594 3272 se
615 3205 810 3295 conjunctae
832 3205 984 3291 fuerunt,
1010 3205 1168 3275 methodo
1189 3207 1404 3305 minimrum
1430 3209 1676 3298 quadratorum.
1728 3212 1895 3281 Observa-

325 3364 431 3435 tiones
452 3365 548 3458 signo
565 3364 621 3458 (†)
647 3366 832 3435 nohhein
854 3365 980 3436 atarto
1003 3387 1072 3435 noa
1093 3363 1263 3434 adhibitae
1285 3365 1435 3453 dierunt,
1457 3367 1582 3462 quippe
1611 3383 1793 3460 spectantes
1818 3372 1895 3441 fon·

327 3535 394 3609 tes,
416 3523 505 3593 unde
527 3547 613 3614 aqua
630 3523 782 3616 hepatica
802 3527 928 3596 effluat.

743 3705 746 3709 ’
874 3685 1008 3753 Summa
1025 3684 1127 3775 hujus
1148 3683 1265 3755 calculi
1281 3682 1347 3756 fuit

850 3846 880 3910 A
901 3868 946 3909 =
971 3850 1083 3912 10004.
1103 3850 1105 3855 '
1125 3871 1152 3911 a·
1173 3868 1219 3913 =
1240 3849 1375 3926 0,0465.

359 3992 361 3997 ’
415 4004 646 4093 Temperatora
681 4001 764 4071 atris
795 3998 905 4071 medis
933 4002 1080 4075 Viennae
1104 4018 1157 4090 est
1188 4010 1296 4073 10025.
1344 4008 1389 4074 Ex
1417 4004 1481 4073 hoe
1511 4004 1619 4075 valore
1650 4033 1696 4090 a,
1729 4006 1894 4077 invenitur

328 4158 567 4227 inerementum
588 4156 772 4231 altitudinis
796 4167 836 4230 21
860 4175 1042 4233 metrorum
1059 4182 1120 4256 pro
1140 4174 1185 4234 1⁰.

418 4319 458 4383 ln
476 4337 580 4408 regno
601 4318 770 4390 Berussico
788 4319 943 4415 indagata
960 4323 1027 4393 fuit
1044 4337 1264 4417 temperatura
1294 4344 1400 4413 aquae
1421 4320 1514 4414 putei
1542 4320 1656 4406 fonti,
1690 4342 1792 4412 prope
1819 4325 1897 4392 Rat-

329 4476 527 4581 deradorfa
549 4498 582 4559 o.
607 4499 719 4547 nano
741 4478 800 4569 (1),
821 4482 881 4572 qui
899 4482 944 4551 ad
961 4484 1026 4557 hoe
1045 4483 1250 4577 propositum
1274 4504 1350 4553 usos
1367 4492 1417 4550 est
1435 4479 1672 4550 thermomeao
1691 4504 1709 4549 a
1730 4505 1765 4551 se
1783 4482 1896 4553 inven-
1975 4515 1979 4523 ·

329 4690 424 4700 ιιι-ι-

394 4805 432 4872 (t)
468 4799 652 4872 Paqqendors'a
673 4810 736 4856 Ass.
754 4803 830 4860 ¹111,
843 4823 897 4876 paq.
917 4812 976 4860 m.
