4440 6060
409 769 475 834 llas
494 766 735 836 ohsenationcs
757 764 794 834 in
816 766 898 835 duas
915 763 1029 833 classes
1051 760 1301 854 distinguendas
1325 784 1415 849 esse,
1436 775 1551 833 monet
1570 785 1800 834 smumsonns:
1823 766 1889 836 sci·

321 925 443 996 licetin
459 924 700 996 observationes
720 923 766 1015 (1,
781 931 814 1006 2,
834 929 867 1009 3,
883 935 917 990 et
930 921 984 1014 12)
995 920 1102 1022 ‘factm
1116 921 1152 990 in
1167 933 1262 1014 parte
1282 922 1529 1014 septentrionali
1550 923 1631 992 etin
1651 924 1794 1015 reliquas
1812 926 1883 996 fac-

322 1100 370 1154 tas
395 1085 431 1153 in
456 1096 550 1176 parte
579 1082 788 1153 meridionali
814 1081 960 1151 fodinae.
1005 1081 1133 1152 Priores
1161 1104 1271 1152 reram
1300 1081 1361 1153 soli
1390 1095 1647 1174 temperaturam
1671 1084 1817 1155 indicare
1838 1087 1890 1154 ri-

323 1244 456 1314 dentur.
503 1243 611 1312 Prima
641 1241 726 1311 facta
756 1242 793 1310 in
814 1241 990 1310 altitudine
1013 1249 1056 1312 20
1079 1243 1123 1311 ad
1145 1248 1189 1312 ³0
1212 1253 1391 1313 metrorum
1417 1254 1577 1313 momtrut
1596 1242 1668 1313 fere
1688 1255 1892 1335 temperatu-

324 1427 395 1471 ram
416 1402 559 1470 mediam
592 1401 748 1495 regionis.
795 1400 944 1470 Secunda
971 1413 1006 1469 et
1032 1400 1130 1471 tertia
1159 1402 1337 1473 ostendunt
1368 1413 1623 1493 temperaturam
1656 1403 1792 1495 augeri,
1824 1426 1892 1494 quo

284 1626 289 1636 .
323 1561 519 1653 profundius
540 1560 578 1627 in
599 1558 750 1629 fodinam
771 1572 992 1650 penetremus.

412 1721 510 1807 Quod
532 1717 653 1788 attinet
674 1718 718 1785 ad
740 1728 977 1808 temperaturas
998 1717 1181 1788 observatas
1203 1719 1240 1789 in
1260 1729 1354 1810 parte
1375 1719 1583 1788 meridionali
1605 1719 1761 1808 fodinae,
1785 1721 1821 1789 in
1844 1722 1894 1790 il-

327 1883 372 1948 las
398 1901 494 1947 causa
514 1875 678 1967 quaedam
699 1874 876 1967 singularis
895 1876 962 1945 vim
983 1876 1162 1947 exercuisse
1184 1877 1331 1965 ridetur,
1350 1877 1474 1948 scilicet
1494 1900 1600 1968 aquae
1623 1878 1791 1968 acidulae,
1810 1903 1897 1970 quae

327 2064 345 2105 a
369 2036 508 2105 meridie
528 2057 636 2104 versus
665 2032 816 2102 fodinam
836 2034 989 2103 affluunt.
1059 2058 1063 2065 ·

417 2198 512 2264 fosso
548 2205 659 2261 autem
688 2215 774 2263 noro
802 2206 923 2284 puteo,
958 2198 1019 2263 100
1042 2194 1157 2265 metris
1185 2219 1204 2263 a
1232 2195 1368 2288 fodinae
1390 2209 1485 2288 parte
1513 2178 1721 2267 meridionali
1740 2197 1898 2285 dumata,

329 2354 488 2447 perforata
520 2351 656 2421 fuerunt
683 2363 782 2422 strata
809 2352 948 2422 schistos
971 2353 1189 2442 aluminosae,
1220 2374 1335 2444 sapore
1360 2352 1455 2424 valde
1480 2355 1706 2447 adstringente
1730 2356 1896 2427 notabilis.
2020 2350 2026 2362 ’

329 2515 433 2598 Oculo
455 2525 582 2582 armato
607 2511 808 2604 deteguntur
831 2512 867 2580 in
894 2512 949 2582 illa
970 2514 1074 2582 multa
1095 2526 1218 2605 puncta
1245 2511 1453 2606 pyritarum,
1477 2535 1562 2604 quae
1585 2510 1669 2582 forte
1696 2513 1899 2606 decomposi-

329 2673 419 2740 tione
438 2694 496 2738 sua
523 2684 557 2739 et
576 2669 705 2739 actione
726 2670 763 2738 in
788 2670 964 2757 schistam,
984 2683 1171 2762 genuenmt
1191 2670 1333 2740 calorem
1367 2668 1485 2753 illum,
1512 2672 1602 2740 unde
1625 2671 1800 2742 calefactae
1823 2684 1900 2742 sunt

329 2853 434 2920 aquae
462 2829 596 2920 perillo
619 2841 718 2899 strata
740 2830 954 2921 profluentes.

420 2992 508 3058 llaec
531 3011 626 3057 causa
650 2988 781 3059 videtur
803 3011 998 3059 sururssono
1022 2987 1235 3082 calorislsoa,
1265 3012 1365 3080 quem
1389 2989 1607 3061 ostendebant
1627 3011 1750 3079 aquae,
1775 2987 1900 3078 quique

333 3148 431 3219 nimis
452 3172 594 3241 maguus
623 3162 694 3219 erat
711 3172 772 3242 pro
801 3148 1000 3238 altitudine,
1021 3149 1057 3219 in
1075 3173 1140 3242 qua
1165 3151 1242 3220 illae
1268 3149 1521 3220 inveniebantur
1531 3174 1541 3236 3
1568 3147 1772 3217 monendum
1791 3160 1901 3216 tamen

332 3322 428 3400 putat
446 3331 658 3378 aurutssonus
675 3308 815 3378 calorem
838 3309 988 3389 huncce,
1010 3307 1037 3374 si
1058 3307 1255 3378 tribuendus
1271 3310 1315 3377 sit
1338 3308 1477 3398 pyritis,
1496 3307 1550 3374 his
1571 3309 1669 3376 unice
1688 3304 1902 3374 tribuendum

332 3487 400 3533 esse
420 3476 557 3554 propter
576 3462 740 3531 actionem
767 3486 881 3534 eorum
906 3466 943 3533 in
966 3463 1132 3532 schistam.
1177 3466 1261 3529 Nam
1287 3464 1324 3530 in
1350 3461 1633 3530 observationibus
1659 3462 1754 3530 factis
1771 3464 1904 3534 Paulla-

337 3644 440 3709 ouen,
466 3620 550 3689 sidit
567 3619 753 3712 pyritarum
773 3642 929 3711 magnam
949 3620 1096 3712 copiam,
1123 3644 1209 3713 quae
1229 3618 1359 3690 nullum
1377 3619 1530 3713 gigneret
1552 3620 1705 3691 calorem.
1728 3624 1826 3691 Putat
1843 3621 1906 3715 igi·
1959 3678 1966 3687 .

335 3795 389 3849 tur
410 3803 596 3849 asmssonus
618 3779 765 3874 pyrites,
787 3779 816 3850 si
834 3786 956 3874 magna
973 3781 1068 3873 copia
1092 3780 1212 3869 adsint,
1236 3803 1304 3851 non
1326 3793 1436 3852 ortum
1455 3779 1534 3849 dare
1557 3781 1656 3852 calori
1678 3782 1904 3852 subterraneo:

335 3942 392 4010 sed
412 3941 477 4010 hoo
501 3938 610 4007 minus
628 3938 728 4008 etiam
744 3939 911 4031 pertinere
936 3943 979 4008 ad
1004 3940 1096 4026 illos,
1120 3940 1180 4029 qui
1203 3939 1340 4031 dispersi
1365 3938 1432 4007 sint
1450 3962 1510 4030 per
1529 3939 1705 4030 particulas
1731 3939 1910 4010 minutissi-

337 4122 429 4179 mas,
451 4095 485 4165 in
513 4117 667 4186 corpore,
691 4095 727 4163 in
753 4099 845 4186 quod
869 4096 1001 4165 acidum
1027 4097 1223 4167 sulfuricum
1250 4096 1317 4167 vim
1345 4119 1496 4166 exercere
1520 4110 1647 4188 potest,
1679 4097 1829 4190 inprimis
1850 4099 1909 4168 ubi

338 4268 393 4328 adr
418 4254 697 4347 stmosphaericus
721 4254 765 4322 ad
784 4253 857 4324 illos
874 4255 1104 4346 penetraverit.

429 4422 599 4488 Caeterum
622 4427 736 4485 monet
756 4437 963 4484 smmsaoncs
982 4415 1213 4503 lithantraces,
1235 4413 1414 4483 maximam
1434 4411 1618 4507 pyritarum
1643 4415 1772 4505 copiam
1797 4417 1910 4486 conti·-

342 4590 473 4658 neutes,
495 4602 562 4647 non
588 4577 727 4670 gignere
746 4587 836 4646 aeres
855 4575 1108 4645 inflammabiles
1134 4577 1238 4668 &eut
1262 4578 1415 4668 gressus)
1441 4571 1477 4640 in
1500 4571 1641 4642 fodinis:
1670 4575 1729 4644 sed
1753 4597 1771 4642 e
1796 4585 1908 4642 contra

342 4735 430 4822 illes,
451 4756 537 4826 quae
560 4748 689 4806 tantum
709 4735 804 4808 oculo
825 4748 949 4806 armato
969 4735 1146 4828 particulas
1165 4734 1316 4807 sulfuteti
1339 4733 1419 4805 ferri
1438 4731 1621 4806 ostendant.
