4440 6060
1079 615 1120 676 ·5

324 843 400 913 pars
435 819 616 889 ueeoesario
647 818 690 886 ab
716 829 907 907 aequatore,
941 816 999 886 abi
1029 839 1155 886 samma
1184 815 1297 884 oaloris
1322 814 1509 905 quantitas,
1546 834 1654 880 versus
1683 809 1794 900 polos,
1832 804 1890 905 ubi
1946 907 1949 911 ¹

324 981 393 1049 fere
418 980 528 1060 nulla,
552 978 756 1047 oondueitur.

414 1137 499 1205 Hine
519 1137 576 1222 fit,
604 1149 643 1203 ut
673 1158 782 1225 neque
806 1136 957 1227 regiones
978 1136 1121 1227 tropicae
1142 1136 1247 1207 nimio
1272 1136 1376 1204 oalore
1402 1156 1513 1231 neque
1538 1130 1677 1199 aretioae
1702 1128 1807 1197 nimio
1830 1126 1894 1195 fri-

325 1319 425 1387 gore,
449 1294 648 1364 habitationi
662 1294 837 1363 bominum
859 1296 990 1387 ineptae
1016 1297 1093 1364 sint.
1120 1297 1213 1366 Calor
1234 1295 1292 1365 hic
1310 1308 1483 1385 postquam
1507 1293 1552 1360 ita
1580 1314 1640 1382 per
1664 1290 1791 1380 aliquot
1810 1309 1890 1355 sae-

225 1475 226 1481 ’
324 1455 397 1523 cula
426 1455 469 1522 ab
500 1467 676 1543 aequatore
705 1477 815 1522 versus
846 1454 937 1544 polos
969 1455 1147 1523 conductus
1174 1454 1309 1540 fuisset,
1342 1466 1560 1544 temperatura
1593 1463 1718 1517 crasstae
1743 1460 1896 1516 externae
2008 1466 2010 1470 ’

324 1615 502 1684 neeessario
522 1614 615 1683 aucta
635 1629 690 1697 et,
712 1630 751 1684 ut
778 1615 824 1682 ita
848 1615 977 1699 dicam,
1010 1614 1116 1684 calore
1141 1626 1282 1681 saturata
1311 1626 1371 1682 est.
1435 1611 1519 1679 Hine
1552 1608 1775 1698 unusquisque
1805 1605 1895 1674 loeus

323 1773 488 1865 propriam
509 1773 573 1841 sibi
601 1773 774 1863 aequisivit
796 1786 1068 1863 temperaturam,
1093 1783 1157 1864 'pro
1180 1772 1278 1840 variis
1301 1770 1534 1839 latitudinibus
1557 1768 1693 1836 variam.

409 1932 504 2001 Aetio
525 1931 638 2000 solaris
663 1954 772 1999 annua
788 1953 855 2000 non
875 1945 976 2023 auget
992 1955 1101 2020 neque
1124 1932 1247 2001 minuit
1271 1934 1359 1999 hano
1380 1930 1522 2000 mediam
1545 1929 1605 1999 soli
1627 1939 1901 2019 temperaturam<

323 2093 406 2158 llam
429 2104 592 2179 quantum
615 2090 733 2159 caloris
757 2090 921 2182 acceperit
948 2091 1089 2180 quilibet
1104 2092 1193 2160 locus
1214 2104 1364 2182 tempore
1386 2091 1507 2161 aestivo
1531 2101 1661 2157 tantum
1686 2110 1795 2154 rursus
1811 2098 1897 2153 tem-

323 2271 403 2339 pore
430 2249 566 2317 hiemali
591 2249 732 2316 amittet.
769 2248 862 2315 Etsi
889 2247 975 2316 forte
999 2250 1111 2337 aliquo
1141 2274 1228 2319 anno
1253 2251 1328 2341 plus
1355 2251 1470 2319 caloris
1494 2249 1656 2340 acceperit
1677 2267 1779 2334 quam
1809 2214 1896 2324 alio‘,

323 2421 396 2497 post
420 2408 546 2495 aliquot
570 2428 673 2475 annos
699 2406 814 2475 eadem
839 2417 1060 2496 temperatura
1086 2408 1195 2476 media
1226 2431 1336 2477 rursus
1358 2409 1585 2478 observabitur
1607 2409 1619 2498 (
1639 2406 1664 2494 ).

412 2570 583 2635 Caeterum
605 2565 661 2632 bio
685 2564 890 2634 monendum
919 2587 1056 2646 censeo,
1094 2588 1149 2634 me
1168 2566 1205 2634 in
1234 2569 1296 2636 bao
1326 2526 1553 2658 disquisitione
1580 2567 1707 2635 nullam
1731 2567 1893 2636 rationem

323 2726 497 2806 habuisse,
528 2748 697 2793 causarum
732 2724 881 2811 illarum,
922 2747 1008 2814 quae
1040 2727 1272 2816 aequilibrium
1301 2742 1541 2819 temperaturae
1563 2726 1713 2816 quotidie
1737 2725 1895 2812 turbant,

325 2887 439 2976 quales
468 2898 562 2969 sunt,
595 2897 734 2966 ventus,
773 2885 909 2976 pluvia,
944 2885 1019 2972 nix,
1049 2887 1191 2956 nebulae
1216 2888 1345 2977 aliaque
1373 2900 1528 2957 meteora.
1575 2892 1644 2955 Hae
1670 2886 1759 2954 enim
1781 2907 1895 2953 causae

324 3057 580 3138 temperaturam
604 3067 749 3112 annuam
772 3045 918 3112 mediam
943 3068 1011 3114 non
1030 3047 1184 3115 turbant:
1207 3050 1398 3139 praesertim
1415 3049 1442 3116 si
1462 3071 1529 3117 non
1555 3048 1668 3134 unius,
1691 3049 1748 3117 sed
1770 3047 1895 3114 multo-

325 3228 399 3274 rum
428 3226 590 3272 annorum
614 3204 724 3270 media
750 3214 898 3271 sumatur
918 3216 1150 3294 temperatura.

412 3366 572 3453 Tempore
593 3360 748 3431 historico
769 3374 1025 3452 temperaturam
1058 3364 1200 3433 mediam
1222 3390 1291 3436 non
1314 3383 1443 3438 auctam
1465 3371 1518 3438 vel
1532 3370 1696 3437 minutam
1712 3392 1803 3456 esse,
1827 3393 1895 3460 ap-

324 3533 418 3612 paret
431 3544 449 3590 e
464 3519 745 3589 dissertationibus
772 3544 934 3589 aasaorns
957 3524 1004 3614 (2)
1030 3536 1064 3591 et
1090 3524 1241 3615 inprimis
1260 3550 1279 3596 e
1301 3529 1395 3598 docta
1416 3530 1645 3621 disquisitione
1667 3555 1707 3597 aa
1722 3553 1827 3597 rnacu
1845 3531 1892 3619 (t)
1937 3590 1942 3601 .

221 3690 229 3700 “
324 3700 388 3770 quo
407 3677 551 3746 ostendit
575 3678 682 3763 diem,
707 3678 750 3746 ab
766 3703 939 3748 anisacar
959 3681 1037 3750 inde
1062 3687 1289 3775 temporibus,
1313 3711 1381 3758 non
1408 3691 1587 3758 centesimo
1616 3690 1737 3758 minuti
1758 3689 1892 3757 secundi

324 3852 438 3930 parte,
462 3850 625 3905 mutatum
647 3860 724 3905 esse.
771 3841 869 3925 Quod
895 3853 982 3909 certe
1011 3843 1229 3931 obtinuisset,
1254 3847 1282 3914 si
1311 3861 1531 3940 temperatura
1552 3848 1661 3916 media
1688 3870 1796 3914 annua
1820 3858 1893 3936 post

323 3999 379 4066 illa
397 4011 544 4088 tempora
566 4011 660 4066 aucta
676 3997 727 4065 rel
743 3999 919 4068 imminuta
938 4017 1040 4091 esset,
1063 4028 1141 4072 nam
1164 4029 1203 4074 er
1228 4020 1352 4075 mutata
1371 4021 1590 4099 temperatura
1615 4007 1713 4076 etiam
1737 4005 1889 4074 volumen

323 4157 448 4226 telluris
467 4159 593 4226 uarium
619 4159 792 4246 evaderet,
817 4182 883 4250 quo
904 4175 1032 4232 mutato
1056 4166 1173 4233 rotatio
1195 4167 1384 4237 turbaretur
1409 4182 1443 4237 et
1467 4169 1548 4236 bino
1576 4166 1642 4236 diei
1672 4166 1813 4234 duratio.

411 4317 580 4405 Cernimus
600 4341 680 4410 ergo
703 4343 851 4407 ormam,
881 4342 940 4389 our
964 4343 1077 4392 omnes
1097 4323 1161 4392 loci
1188 4328 1363 4395 constantis
1383 4341 1647 4418 temperaturae,
1678 4349 1744 4396 non
1773 4327 1887 4396 eadem

387 4576 426 4648 (1)
460 4574 635 4628 Uestam
655 4582 670 4629 t.
696 4583 713 4630 t.
733 4588 758 4630 et
776 4583 886 4632 positas
907 4583 991 4633 etta.
1011 4585 1041 4633 de
1060 4585 1136 4652 ruys.
1159 4588 1200 4636 IV.
1216 4604 1239 4653 p.
1264 4590 1323 4639 701.

386 4692 425 4764 (2)
460 4697 526 4744 Anu.
542 4695 585 4744 Oli.
600 4703 625 4743 et
651 4695 729 4761 ruys.
749 4697 988 4764 antiptosis
1010 4703 1137 4751 Aaasaaa're
1158 4703 1193 4752 das
1214 4705 1315 4754 Bareas
1344 4696 1566 4771 der'Loapitudse.
1589 4704 1656 4756 tuat
1673 4723 1699 4773 p.
1717 4709 1775 4757 171.

385 4806 423 4878 (8)
457 4811 566 4860 Joamat
578 4810 608 4859 do
625 4810 769 4876 Ptyaiqes,
788 4811 835 4863 10.
856 4830 878 4879 p.
897 4815 956 4864 101.
