4440 6060
1085 595 1122 657 51

413 808 503 872 lions
536 804 604 892 ipse
635 795 1040 887 metallifer'llualgayoci
1069 795 1198 863 videtur
1230 795 1373 866 eminere
1395 801 1481 864 1192
1512 795 1624 863 metris
1649 818 1746 887 supra
1765 795 1889 865 Oceani

325 962 544 1054 superficiem.
591 960 723 1029 Invenit
745 981 967 1027 11111111111
987 966 1243 1047 temperaturam
1261 956 1345 1023 aeris
1367 954 1645 1025 liberianum.
1723 1056 1733 1071 ο

609 1122 647 1182 In
669 1120 790 1198 fodina,
813 1117 893 1179 dicta
914 1119 952 1178 de
976 1118 1179 1194 6111111111,
1198 1116 1248 1177 a'e'r
1268 1114 1402 1175 cunicrdi
1422 1125 1484 1176 erat
1526 1115 1609 1179 140³.

608 1272 693 1355 Aqua
713 1270 833 1332 fodinae
897 1309 1485 1331 ............
1527 1265 1611 1327 1102.

610 1426 648 1486 In
668 1422 770 1484 fodina
792 1426 845 1486 dal
862 1424 1075 1503 Patrgatorio,
1100 1420 1185 1484 valde
1205 1421 1299 1495 sicca,
1322 1421 1371 1480 aiir
1391 1429 1454 1482 crat
1476 1464 1483 1478 .
1528 1417 1612 1479 1906.

413 1606 514 1669 Tanta
537 1612 759 1690 temperatura
787 1599 885 1683 1906,
909 1596 946 1665 in
963 1597 1037 1667 loco
1054 1607 1123 1664 tam
1143 1594 1288 1681 excelso,
1316 1607 1355 1663 ut
1378 1593 1448 1664 fare
1468 1593 1638 1662 altitudini
1652 1594 1791 1681 montis,
1812 1595 1892 1664 dieti

325 1765 389 1828 Pa'c
408 1763 449 1828 dc
475 1760 641 1850 Teneriffe
660 1757 806 1847 aequalis
824 1758 883 1844 sit,
904 1758 1041 1828 omnino
1061 1770 1177 1826 notatu
1197 1756 1300 1847 digna
1320 1768 1379 1823 est
1426 1758 1527 1824 Locus
1545 1753 1604 1822 ubi
1622 1766 1841 1845 temperatim
1857 1755 1893 1821 in

323 1919 437 1989 fodina
458 1921 516 1987 del
528 1920 738 2011 purgatorio
758 1918 976 1987 determinata
995 1931 1062 2005 est,
1085 1917 1155 1987 fere
1178 1924 1219 1984 25
1241 1913 1355 1985 metris
1375 1913 1463 2009 infra
1483 1914 1624 1984 alterum
1649 1912 1745 1982 illum
1775 1914 1811 1981 in
1836 1914 1882 1980 fo·

323 2080 401 2147 dina
424 2082 465 2147 de
487 2081 684 2171 Guadalupe
699 2081 799 2170 jacet.
836 2082 903 2147 Nec
916 2091 1030 2146 tamen
1051 2088 1201 2145 accurate
1220 2075 1341 2145 horum
1360 2075 1507 2144 locorum
1526 2072 1716 2142 altitudines
1729 2071 1894 2164 designari

323 2250 476 2326 possunt,
500 2259 603 2326 quum
626 2259 741 2320 mons,
765 2237 802 2304 in
826 2259 893 2325 quo
912 2237 1047 2306 fodinae
1068 2249 1238 2306 excavatae
1258 2249 1351 2322 sunt,
1370 2235 1465 2304 valde
1485 2232 1672 2325 irregularis
1696 2232 1739 2300 sit
1757 2230 1892 2302 formae.

322 2400 445 2465 Tamen
473 2395 602 2465 circiter
630 2418 706 2464 cum
732 2396 906 2488 superficie
933 2396 993 2466 soli
1022 2396 1260 2487 llicuipampae
1281 2394 1468 2464 coincidere
1497 2393 1652 2461 ridentur
1684 2393 1721 2459 11.
1747 2415 1778 2461 1.
1806 2400 1892 2461 3539

323 2555 437 2624 metris
465 2576 562 2646 aspra
591 2558 771 2624 Oceanum.
818 2557 950 2626 Habent
967 2555 1072 2648 igitur
1092 2556 1130 2622 hi
1148 2552 1355 2624 lociinterni
1376 2565 1633 2645 temperaturam
1654 2552 1738 2621 aeris
1761 2558 1836 2621 14⁰³
1859 2566 1894 2620 et

326 2720 421 2799 1906,
444 2739 549 2806 aquae
574 2722 670 2802 1102,
693 2739 799 2806 quum
819 2727 1040 2806 temperatura
1062 2714 1209 2784 locorum
1232 2725 1459 2800 externorum,
1492 2713 1528 2780 in
1552 2712 1666 2781 eadem
1687 2711 1757 2781 fere
1779 2712 1893 2781 altitu·

323 2872 402 2942 dine
423 2875 580 2958 sitorum,
602 2876 646 2943 ait
667 2882 735 2944 708.

414 3195 452 3258 ln
484 3190 609 3271 Gallia,
638 3202 768 3280 praeter
786 3205 980 3259 memoratas
1000 3214 1183 3258 1111111111
1203 3192 1446 3263 observationes
1467 3192 1551 3263 aliae
1572 3192 1673 3262 ctiam
1693 3215 1815 3285 magna
1836 3195 1893 3261 in-

324 3349 447 3417 dustria
470 3349 575 3419 factae
593 3349 730 3419 fuerunt
753 3372 876 3438 eaeque
897 3372 1092 3440 apraecone
1115 3350 1230 3418 caloris
1247 3352 1409 3438 centralis,
1434 3374 1614 3432 11111111,
1635 3353 1671 3419 in
1692 3352 1797 3421 trihus
1811 3354 1892 3421 Gal-

324 3507 387 3574 liae
416 3507 512 3593 locis,
541 3532 559 3576 a
588 3532 625 3577 se
654 3508 797 3577 invicem
825 3508 921 3577 valde
947 3509 1164 3595 distantibus,
1187 3510 1284 3580 dictis
1309 3513 1503 3598 Carmeaux,
1527 3512 1658 3582 Decetia
1686 3514 1835 3604 (Deoises)
1859 3528 1893 3581 et

324 3667 428 3756 Littry
459 3666 518 3755 (1).
564 3666 697 3735 Putavit
716 3667 791 3745 ille,
817 3667 942 3737 adhoc
963 3668 1167 3758 propositum
1193 3668 1321 3738 fodinas
1341 3669 1574 3741 lithantracum
1596 3675 1739 3743 maxime
1760 3674 1891 3743 idoneas

258 3911 265 3925 ·
325 3847 408 3911 csse,
429 3824 582 3915 inprimis
601 3826 680 3914 quia
700 3825 735 3892 in
756 3825 809 3893 his
834 3827 1058 3896 exortationes
1078 3840 1147 3895 tam
1165 3828 1313 3897 celeriter
1334 3829 1435 3898 effodi
1455 3845 1609 3921 possunt,
1631 3845 1670 3899 ut
1688 3832 1891 3902 thermome-

322 3999 373 4051 tra
396 3997 493 4054 caute
516 3984 675 4067 demissa,
698 3986 812 4078 procul
833 3986 937 4056 dubio
959 4000 1216 4079 temperaturam
1237 3989 1296 4058 soli
1320 4011 1481 4058 assumere
1504 4004 1676 4081 cogantur.

413 4135 666 4212 Thermometra'
692 4143 828 4213 insolvit
857 4148 1030 4239 septuplici
1062 4150 1174 4218 charta
1204 4149 1305 4218 serica
1331 4147 1517 4242 (papierde
1537 4151 1616 4241 soie)
1640 4164 1739 4242 atque
1759 4152 1890 4222 inclusit

324 4296 405 4366 tubo
426 4320 446 4366 e
464 4300 550 4369 ferro
570 4314 686 4372 stanno
709 4304 852 4374 obducto
883 4306 1066 4397 (fer-blanc)
1089 4309 1253 4395 confecto,
1277 4332 1345 4399 quo
1367 4311 1491 4380 diutius
1511 4324 1767 4401 temperaturam
1788 4315 1887 4382 semel

324 4457 518 4546 acquisitam
539 4482 666 4530 servare
686 4476 803 4552 posset.
850 4465 980 4533 Invenit
1001 4489 1196 4552 1111111111,
1217 4468 1452 4537 thermometra
1475 4469 1519 4536 ita
1540 4469 1715 4557 instructa,
1729 4494 1835 4562 quum
1853 4474 1887 4541 in
2001 4498 2005 4503 ·

323 4674 364 4682 -ι-
370 4674 499 4683 -ο-,οο-
503 4674 580 4684 ...m-
603 4676 655 4684 -ω
660 4678 679 4686 -

390 4796 427 4866 (1)
464 4799 567 4850 Gordiar
583 4804 611 4851 sis
631 4800 706 4852 deas.
725 4804 755 4854 da
773 4802 896 4856 flastitat
915 4806 969 4855 vll.
987 4821 1033 4873 pag
1061 4809 1119 4857 tta.
