4440 6060
983 583 1032 675 ta

229 788 413 858 rationibus
446 786 620 855 tribuenda
653 799 711 855 eat.
758 791 826 855 Hoc
861 786 962 854 etiam
990 786 1069 854 inde
1096 784 1181 852 mihi
1206 798 1318 875 patere
1339 783 1491 869 videtur,
1519 783 1610 872 quod
1638 795 1795 875 cognatus

228 948 383 1037 idemque
408 970 530 1017 nomen
558 970 674 1038 gerens
694 971 721 1012 r.
743 970 776 1012 r.
798 970 838 1012 ua
856 968 917 1012 nuc
934 944 981 1035 (1)
1004 945 1040 1012 in
1062 937 1290 1034 disquisitione
1311 946 1352 1013 de
1378 944 1485 1012 calore
1513 943 1639 1012 telluris
1664 943 1795 1011 interno

227 1108 351 1175 nullam
376 1109 494 1174 harum
517 1105 780 1176 observationum
803 1105 1012 1173 mentionum
1033 1105 1159 1174 fecerit.

315 1270 566 1356 Temperaturao
589 1265 717 1333 mediae
739 1287 869 1332 annuae
897 1265 1058 1333 rationem
1082 1285 1150 1332 non
1174 1263 1282 1354 magis
1308 1260 1462 1330 habuisse
1491 1260 1620 1329 videtur
1652 1284 1795 1329 unaaru-

227 1449 362 1492 naacrus
381 1425 429 1514 (2)
450 1425 509 1514 qui
531 1425 639 1506 dicat,
660 1448 698 1492 ex
720 1423 999 1493 observationibus
1024 1448 1063 1489 oe
1083 1445 1144 1489 nuc
1166 1422 1286 1491 deduci
1304 1445 1397 1512 posse
1421 1422 1663 1489 incrementum
1688 1428 1721 1488 1⁰
1736 1443 1796 1511 pro

226 1584 402 1653 altitudine
426 1592 469 1654 23
494 1599 685 1653 metrorum.

316 1748 486 1813 Caeterum
508 1744 626 1811 tribuit
648 1767 688 1811 nn
711 1766 772 1810 nuc
795 1745 859 1813 hoc
884 1743 1128 1811 incrementum
1156 1741 1271 1811 caloris
1295 1740 1398 1808 causis
1423 1739 1589 1808 chemicis.

316 1908 545 1971 Hunnonmms
570 1904 616 1993 (0)
641 1926 773 1994 quoque
799 1927 883 1971 unus
909 1926 928 1971 e
951 1901 1069 1992 primis
1092 1900 1179 1986 fuit,
1211 1901 1271 1991 qui
1302 1902 1444 1969 calorem
1466 1899 1656 1969 fodinarum
1683 1900 1797 1968 inves-

230 2062 381 2154 tigarent.
409 2066 491 2130 Nam
507 2063 703 2149 invenimus,
727 2062 822 2129 illum
843 2085 999 2153 magnam
1011 2061 1275 2131 observationum
1289 2062 1405 2129 seriem
1418 2061 1594 2130 instituisse
1605 2083 1681 2128 cum
1696 2082 1800 2126 sans·

229 2245 372 2307 renunc,
400 2223 442 2289 de
466 2234 686 2310 temperatura
709 2221 899 2288 fodinarum
924 2221 1207 2312 Fribergensium,
1241 2245 1329 2290 anno
1354 2228 1451 2290 1791.
1497 2220 1628 2288 Invenit
1652 2218 1689 2286 in
1714 2217 1800 2285 fodi·

228 2381 280 2447 nis
304 2380 400 2447 dietis
429 2381 641 2446 Krtlsscltocht
665 2391 698 2446 et
729 2377 854 2470 Seegcn
889 2379 1003 2447 Gotteo
1025 2379 1164 2470 Herzog
1186 2380 1376 2468 Augustae,
1408 2381 1443 2447 in
1473 2377 1648 2445 altitudine
1678 2383 1741 2445 120
1768 2391 1802 2445 et

231 2542 292 2604 150
309 2551 501 2626 metrorum,
522 2552 776 2631 temperaturam
799 2540 882 2607 aeris
902 2539 1091 2608 fodinarum
1115 2546 1170 2607 13ο
1186 2551 1221 2607 et
1243 2545 1333 2624 14⁰8,
1352 2561 1458 2628 quum
1479 2551 1699 2630 temperatura
1717 2540 1801 2607 a'e'ris

229 2698 355 2765 externi
378 2711 460 2766 esset
481 2722 593 2767 mense
618 2701 773 2769 Januario
800 2708 836 2768 3⁰
869 2701 912 2767 ad
938 2706 984 2768 4⁰.
1031 2703 1259 2767 Hnnaonurrus
1295 2697 1511 2783 existimarit,
1545 2710 1801 2789 temperaturam

228 2858 374 2926 mediam
406 2882 551 2926 annuam
579 2861 752 2952 Fribergae
776 2883 845 2928 esse
870 2868 906 2930 7ο
936 2858 980 2927 ad
999 2865 1050 2926 8⁰:
1079 2857 1169 2926 unde
1199 2857 1375 2928 deducitur
1411 2859 1651 2928 incrementum
1676 2866 1709 2926 1⁰
1741 2880 1802 2950 pro

229 3016 405 3085 altitudine
431 3024 474 3084 20
498 3018 541 3085 ad
562 3026 603 3086 25
626 3033 818 3088 metrorum.

273 3179 344 3243 Jam
372 3188 449 3242 ante
479 3199 709 3245 nunronornnr
735 3192 847 3246 autem
874 3179 961 3248 calor
992 3199 1138 3246 crescens
1168 3202 1244 3247 cum
1271 3180 1448 3247 altitudine
1475 3179 1562 3246 infra
1593 3179 1802 3271 superficiem

195 3381 198 3387 -
230 3348 335 3402 terrae
360 3334 546 3403 observatus
568 3334 677 3404 fuerat
697 3360 715 3402 a
740 3341 931 3405 Saussuaro:
959 3358 1044 3427 quae
1075 3338 1257 3407 observatio
1284 3349 1489 3406 momentum
1512 3338 1678 3429 singulare
1702 3337 1803 3407 habet

231 3507 423 3584 propterea,
445 3496 537 3583 quod
561 3518 629 3562 non
657 3495 742 3563 facta
770 3497 813 3564 sit
838 3518 877 3565 eo
896 3496 1074 3587 proposito,
1099 3511 1136 3565 ut
1161 3499 1249 3567 calor
1277 3497 1428 3566 centralis
1448 3498 1725 3588 comprobaretur.
1748 3500 1804 3563 Fst

231 3676 349 3743 nempe
374 3675 476 3744 prope
497 3654 626 3722 fodinas
650 3656 832 3743 salinarias,
854 3679 939 3746 quae
963 3670 1040 3725 sunt
1061 3656 1171 3738 Bari,
1189 3657 1225 3724 in
1247 3657 1404 3743 Helvetia,
1430 3670 1548 3747 puteus
1572 3656 1705 3725 effosam
1723 3679 1802 3724 mo·

229 3822 328 3880 nente
346 3815 473 3881 Barone
496 3837 536 3879 un
556 3837 664 3898 nausa,
689 3814 795 3882 nobili
814 3818 957 3902 Saxone,
980 3814 1024 3882 ad
1040 3815 1249 3883 altitudinem
1268 3821 1333 3882 220
1351 3827 1543 3883 metrorum.
1568 3813 1699 3880 Putavit
1713 3813 1801 3881 enim

230 3971 303 4058 hic,
329 3972 357 4039 si
380 3972 578 4063 profundius
602 3974 693 4042 alveo
716 3974 865 4043 fluminis
883 3975 1040 4044 Rhodani
1062 3974 1242 4060 foderetur,
1267 3987 1346 4042 tunc
1367 3974 1538 4041 inventum
1564 3972 1604 4039 iri
1629 3972 1721 4061 quasi
1743 3996 1804 4040 nu-

232 4128 339 4198 cleum
361 4133 455 4218 salis,
485 4134 576 4203 unde
602 4157 704 4202 venae
736 4156 849 4203 ornnes
878 4135 1027 4206 saliforae
1058 4136 1093 4205 in
1115 4135 1284 4204 montibus
1304 4132 1421 4202 vicinis
1445 4131 1609 4224 originem
1633 4132 1801 4199 ducerent.

265 4443 302 4512 (1)
319 4447 346 4496 J.
362 4450 394 4497 Δ.
410 4448 441 4497 dr
460 4451 514 4499 Lac
533 4446 633 4518 (areca)
652 4452 691 4501 Da
708 4448 850 4501 lectalecta·
868 4450 1003 4501 interiecto
1023 4450 1053 4500 do
1069 4454 1094 4501 ln
1118 4453 1199 4501 Tem.
1224 4450 1270 4500 th
1282 4448 1403 4498 adluat.
1423 4448 1494 4496 Unio.
1514 4444 1579 4493 Tem.
1596 4443 1675 4492 mn
1693 4458 1719 4508 p.
1726 4444 1768 4491 40.

265 4559 303 4632 (2)
320 4563 347 4612 J.
366 4562 398 4611 F.
419 4565 597 4632 Bmsenberq,
618 4566 678 4617 siber
695 4568 736 4617 dic
763 4582 870 4615 vermen
895 4568 1001 4626 Qucum
1018 4568 1047 4615 ἐκ
1068 4568 1176 4618 necle».
1206 4567 1259 4617 Vid-
1282 4564 1413 4616 hosted
1433 4569 1458 4611 ot
1484 4563 1578 4611 Brenn.
1609 4560 1738 4611 latrtaett
1761 4554 1805 4623 fir

233 4681 347 4745 coemto
366 4687 426 4728 caet.
443 4681 468 4728 11
488 4695 542 4745 pag.
559 4681 585 4730 i.

266 4789 304 4860 (³)
324 4796 389 4843 Ana.
409 4794 439 4843 dr
461 4794 555 4845 Clinia
573 4802 598 4845 et
619 4796 649 4845 ds
666 4797 793 4863 Phyriqua
819 4797 890 4862 1111,
907 4811 960 4863 pag.
978 4799 1038 4847 210.
