4440 6060
1197 608 1239 672 96

438 815 716 886 obsessionibus
747 835 833 880 som
869 811 913 901 (1)
943 765 978 877 in
1010 809 1133 878 aunis
1162 811 1273 879 ueta
1294 809 1388 879 nuez
1409 811 1559 903 Vaga,
1583 814 1772 905 rapas,
1799 816 1996 909 com,

433 976 527 1044 Idael
545 976 666 1059 Marii,
693 975 861 1063 Tincrofl,
888 970 1093 1062 reg-Tang
1114 981 1147 1037 et
1173 970 1299 1038 Uosted
1320 970 1449 1055 Minas,
1471 993 1551 1060 quas
1575 973 1791 1062 praecedente
1816 977 1925 1066 capite
1944 1001 1999 1046 ex·

432 1136 617 1223 posuimus:
647 1148 813 1225 praeterea
835 1127 1119 1199 observationibus
1146 1151 1331 1196 ammasoss
1353 1128 1389 1195 in
1404 1128 1528 1198 fodinis
1550 1129 1821 1224 langhoaeoirke
1841 1149 1875 1202 et
1897 1138 1998 1205 Kas-

433 1298 568 1362 achach!
591 1294 635 1382 (2)
659 1313 761 1382 prope
781 1289 989 1380 Fribergam,
1010 1310 1071 1356 neo
1094 1288 1212 1355 nonin
1233 1286 1346 1356 fodina
1369 1289 1551 1378 Ilaelgoat.
1598 1293 1638 1356 ln
1652 1291 1765 1360 fodina
1780 1294 1999 1362 Kallaohaolst

430 1453 629 1521 contrarium
652 1450 816 1536 abtinuit,
840 1472 939 1541 quam
963 1448 998 1515 in
1014 1447 1128 1516 fodina
1149 1448 1300 1527 Poldice;
1324 1448 1360 1514 in
1384 1446 1439 1515 illa
1459 1449 1549 1516 enim
1569 1449 1846 1519 thermometrum
1869 1452 1998 1521 indica-

430 1611 477 1676 vit
499 1611 534 1677 in
556 1633 641 1700 aqua
662 1610 839 1678 demissum
854 1615 970 1694 16075,
986 1623 1019 1677 et
1040 1609 1075 1676 in
1095 1619 1170 1677 aere
1190 1630 1288 1699 supra
1308 1607 1400 1675 illam
1419 1631 1611 1699 suspensum
1625 1615 1696 1676 15⁰.
1720 1613 1761 1677 ln
1775 1611 1888 1679 fodiua
1900 1613 1998 1678 Kea-

431 1773 564 1838 achach!
586 1769 702 1837 eadem
722 1780 940 1859 temperatura
963 1768 1104 1837 indicata
1125 1768 1193 1836 fuit
1212 1768 1296 1857 (17⁰)
1319 1766 1352 1833 in
1375 1788 1459 1855 aqua
1485 1766 1617 1835 infimas
1639 1767 1773 1836 fodinae
1788 1783 1897 1859 partes
1919 1772 1999 1839 sul)-

431 1944 601 2020 mergente
623 1951 723 2017 quam
747 1930 783 1996 in
803 1929 915 1996 abdita
946 1926 1091 1996 cuniculi
1116 1939 1227 2017 parte,
1253 1948 1357 2014 aeque
1379 1925 1562 2016 profunda,
1583 1929 1641 1996 sed
1663 1929 1706 1996 ab
1725 1928 1816 2017 aquis
1838 1931 1916 1997 satis
1943 1955 1999 1999 re·

429 2103 528 2158 mota.
574 2093 748 2157 Fonassrus
769 2111 901 2180 quoque
921 2088 1038 2155 talium
1061 2085 1338 2178 receptaculorum
1362 2108 1481 2174 aquam
1504 2060 1713 2178 investigavit
1732 2088 1768 2154 iu
1786 2089 1909 2157 fodinis
1928 2092 1996 2158 Bo·
2096 2096 2102 2106 '

429 2251 537 2316 tallals
559 2261 593 2315 et
615 2249 720 2316 La'ttlc
742 2248 880 2316 Bounds
902 2247 965 2337 (3);
989 2269 1136 2314 amonius
1160 2246 1303 2335 denique
1323 2247 1359 2314 in
1379 2245 1491 2314 fodina
1516 2269 1617 2337 prope
1640 2245 1831 2338 Fribergam
1852 2250 1908 2339 (l).

518 2412 603 2475 llaec
633 2407 721 2473 varia
744 2405 893 2496 exempla
918 2404 1035 2472 haberi
1058 2416 1193 2495 possunt
1214 2404 1289 2471 satis
1313 2418 1462 2472 accurata
1487 2418 1729 2496 temperaturae
1757 2408 1825 2475 saxi
1855 2410 1998 2478 circum-

429 2568 537 2635 dantis
566 2567 706 2651 indicia,
740 2567 819 2655 quia
850 2588 955 2655 aquae
976 2565 1012 2632 in
1041 2564 1094 2631 his
1123 2562 1336 2653 receptaculis
1361 2563 1420 2630 diu
1440 2578 1656 2635 commoratae
1681 2565 1824 2649 fuerint,
1846 2569 1937 2657 quod
1961 2570 1997 2636 iu

428 2725 500 2792 aliis
520 2724 751 2812 receptaculis,
775 2725 864 2792 unde
887 2725 1037 2812 quotidie
1058 2723 1169 2791 antliis
1193 2722 1451 2808 exhauriuntur,
1479 2748 1545 2794 nou
1566 2725 1706 2794 obtinet.
1752 2730 1902 2796 Statucre
1929 2752 1996 2796 au-

428 2899 496 2952 tem
520 2905 708 2973 possumus,
735 2882 793 2949 has
811 2881 1049 2951 observationes
1073 2882 1100 2950 si
1122 2905 1188 2950 non
1210 2883 1301 2951 omni
1326 2905 1433 2952 errore
1456 2897 1606 2967 careant,
1628 2895 1738 2949 manen
1763 2885 1874 2971 potius
1895 2885 1994 2951 nimis

429 3067 561 3134 parvam
592 3064 692 3131 quam
724 3041 823 3109 nimis
851 3053 980 3108 auctam
1019 3041 1190 3109 ostendere
1222 3020 1498 3132 temperaturam,
1524 3041 1569 3107 ita
1592 3052 1630 3106 ut
1651 3038 1761 3106 nullus
1783 3054 1890 3108 metus
1913 3043 1998 3110 adsit

429 3204 668 3273 incrementum
688 3214 944 3292 temperaturae,
978 3200 1041 3269 illis
1058 3201 1260 3284 indicatum,
1283 3201 1382 3268 nimis
1408 3222 1566 3291 magnum
1589 3223 1666 3269 esse.

518 3362 657 3451 Exposui
681 3363 743 3445 ita,
767 3364 879 3429 Lector
893 3361 1075 3442 Benevole,
1097 3361 1287 3451 praecipuas
1306 3381 1418 3428 causas
1442 3358 1722 3448 variabiles,quae
1742 3374 1996 3451 temperaturam

427 3521 616 3590 fodinarrrm
647 3519 780 3587 turbare
804 3520 919 3587 solent.
967 3522 1060 3586 Nunc
1085 3519 1239 3587 adeamus
1260 3517 1450 3608 praecipuas
1471 3540 1581 3586 causm
1612 3519 1806 3605 turbantes,
1822 3543 1907 3610 quae
1938 3524 1997 3591 etsi

430 3704 497 3748 non
528 3679 563 3745 in
591 3701 654 3744 una
682 3677 864 3766 eademque
889 3677 1002 3746 sodina
1029 3676 1221 3757 variabiles,
1248 3692 1359 3745 tamen
1386 3676 1484 3744 variis
1506 3677 1585 3746 locis
1613 3679 1740 3747 varium
1771 3681 1886 3750 caloris
1913 3705 1987 3772 gra·

430 3843 509 3909 dum
532 3839 669 3930 gignere
690 3836 853 3905 videntur.
901 3841 1085 3927 Antequam
1111 3850 1222 3906 tamen
1247 3836 1306 3904 lias
1327 3834 1487 3916 referam,
1517 3836 1574 3904 hlc
1592 3860 1657 3904 una
1677 3861 1771 3907 causa
1797 3862 1997 3909 commemo-

431 3999 532 4066 randa
561 4009 630 4080 est,
662 4019 746 4085 quae
779 3997 814 4065 in
839 3997 992 4066 omnibus
1016 3995 1138 4065 fodinis
1162 3996 1228 4064 vim
1249 4007 1398 4076 exercet,
1421 4007 1454 4063 et
1479 4007 1609 4062 tautum
1635 3996 1722 4064 varia
1747 4008 1795 4064 est
1814 4017 1873 4084 pro
1900 3998 1996 4064 variis

431 4156 681 4227 altitudinibus:
717 4158 799 4224 haec
819 4179 914 4223 causa
938 4171 986 4224 est
1010 4163 1206 4248 compressio
1228 4162 1332 4226 aeris.
1380 4155 1534 4224 Novimus
1557 4155 1647 4224 enim
1667 4175 1733 4241 quo
1754 4153 1851 4223 altius
1868 4155 1903 4224 in
1920 4166 1996 4226 aere

499 4471 537 4538 (1)
572 4475 642 4523 Diu.
660 4489 713 4539 pag.
732 4475 774 4523 30.

503 4583 541 4652 (2)
576 4590 644 4636 Dias.
660 4603 714 4654 pag.
735 4592 775 4637 16.

500 4696 539 4765 (8)
573 4702 643 4749 Dus.
660 4717 714 4766 pag.
731 4704 773 4751 81.

501 4810 539 4879 (4)
575 4811 644 4860 Βία.
663 4826 714 4875 pag.
733 4818 774 4867 71.
