4440 6060
974 607 1015 672 tt

299 831 345 895 Ex
364 823 470 892 -hisoc
499 817 779 890 observationibus
812 834 1020 883 smmssorus
1048 808 1220 879 conclusit:
1268 811 1336 876 »ln
1366 806 1488 877 fodinis
1509 806 1778 900 Fribergensibus

211 996 496 1076 »temperaturam
530 977 646 1071 augeri
680 999 756 1045 cum
782 973 959 1045 altitudine
990 970 1074 1039 infra
1098 968 1304 1060 superficiem
1326 966 1406 1048 soli,
1429 980 1463 1036 et
1485 966 1642 1036 nimirum
1664 989 1780 1059 capere

211 1144 481 1213 »incrementum
502 1146 537 1207 8⁰
557 1160 618 1228 pro
638 1135 814 1204 altitudine
838 1140 903 1203 300
925 1134 1139 1203 metrorum.''
1178 1133 1421 1198 lucrementum
1443 1129 1592 1199 medium
1614 1142 1662 1198 est
1677 1129 1780 1220 igitur

217 1312 249 1372 1ο
270 1325 332 1394 pro
353 1299 531 1370 altitudine
553 1306 595 1367 st
620 1309 810 1365 metrorum.

304 1466 381 1534 Post
399 1481 617 1528 sosorssorom
629 1445 856 1546 “temperatura
877 1453 1067 1523 fodinerum
1088 1449 1353 1540 Fribergensium
1373 1450 1487 1520 sedulo
1506 1450 1673 1519 observata
1696 1449 1780 1533 fuit,

215 1645 292 1693 cura
317 1619 475 1712 praefecti
498 1617 622 1687 fodinis
644 1640 793 1684 ramur
814 1612 873 1706 (1).
917 1614 1006 1682 llicit
1025 1635 1171 1696 russas,
1194 1633 1298 1700 quum
1319 1611 1354 1677 in
1376 1609 1555 1702 profundas
1578 1609 1707 1679 fodinas
1728 1611 1784 1679 de·

214 1779 408 1866 soendmset,
427 1801 463 1846 se
480 1777 553 1866 jam
574 1774 705 1862 statim,
727 1772 937 1864 perceptione
958 1795 1084 1852 sensus,
1108 1769 1374 1839 animadvertisse
1394 1770 1633 1839 incrementum
1656 1782 1785 1862 tempe·

216 1951 355 2007 returns.
401 1937 561 2028 Deinceps
577 1937 658 2005 ·hoe
681 1934 912 2005 confirmatum
944 1932 1044 2001 fuisse
1068 1944 1223 2019 testatur,
1250 1935 1472 2023 temperatum
1491 1953 1614 2021 aquae,
1636 1953 1677 2000 ex
1698 1931 1786 2000 inte·

216 2096 357 2169 rioribus
376 2098 462 2166 saxis
479 2097 684 2188 profluentis,
706 2117 772 2185 qua
793 2094 933 2186 operarii
951 2093 1064 2162 hieme
1076 2094 1266 2180 utebantur,
1287 2105 1325 2160 ut
1339 2103 1501 2177 carerent,
1521 2115 1564 2159 ne
1575 2090 1694 2182 glacies
1707 2091 1787 2160 rotis

218 2259 446 2325 machinarum
465 2257 755 2348 hydraulicarum,
774 2254 1051 2344 impedimentum
1071 2265 1221 2321 strueret.
1255 2249 1542 2321 Observationibus
1563 2261 1673 2318 autem
1691 2250 1784 2317 ther·

218 2413 419 2484 mometrieis
438 2413 523 2481 haec
543 2413 659 2482 caloris
678 2413 908 2504 phaenomena
932 2412 1070 2480 ulterius
1092 2411 1155 2479 sibi
1179 2410 1366 2503 indaganda
1389 2408 1569 2501 proposuit.

307 2572 434 2641 idcirco
465 2593 552 2641 anno
587 2574 690 2657 1805,
723 2571 853 2640 duobus
874 2595 950 2640 usus
975 2558 1024 2640 est
1049 2570 1310 2653 thermometris,
1333 2590 1419 2659 quae
1441 2567 1557 2637 latiore
1580 2568 1660 2638 tubo
1683 2569 1785 2640 vitreo

221 2731 344 2801 inclusa
365 2742 472 2799 erant.
519 2730 668 2797 Alterum
689 2730 810 2797 horum
830 2729 1121 2798 instrumentorum
1139 2731 1292 2820 deposuit
1312 2729 1512 2800 insecundo
1532 2731 1683 2802 cuniculo
1702 2730 1787 2803 sodi·

220 2917 283 2963 nae
302 2893 585 2982 Beselertgla'telr‚·
616 2890 756 2957 alterum
777 2889 812 2956 in
833 2901 923 2958 sexto
942 2887 1095 2958 cuniculo
1115 2888 1263 2979 ejusdem
1282 2888 1427 2959 fodinae.
1472 2890 1619 2960 Tertium
1642 2891 1787 2982 denique

221 3073 415 3142 suspensum
447 3048 513 3117 fuit
542 3048 576 3114 in
607 3058 682 3116 ae're
712 3048 819 3119 libero
839 3049 1117 3140 atmosphaerieo,
1140 3071 1244 3140 prope
1266 3049 1385 3119 ostium
1410 3048 1554 3120 fodinae.
1602 3053 1679 3143 Apti
1702 3052 1786 3136 loci,

220 3206 279 3296 qui
308 3218 463 3297 caperent
492 3207 559 3276 duo
585 3206 641 3273 illa
669 3206 797 3297 priora,
820 3207 958 3274 fuerunt
979 3206 1090 3274 selecti
1111 3206 1148 3274 in
1170 3205 1304 3292 fodina,
1329 3208 1406 3275 satis
1430 3209 1548 3278 remoti
1569 3210 1612 3277 ab
1633 3211 1787 3303 operibus

220 3366 369 3446 diurnis,
403 3365 462 3432 ubi
492 3365 575 3433 airis
606 3378 677 3433 erat
697 3364 856 3432 minimus
879 3364 1054 3452 circuitus,
1089 3377 1123 3434 et
1143 3367 1202 3434 ubi
1226 3368 1394 3458 lampades
1418 3367 1547 3457 aliaque
1569 3369 1696 3439 lumina
1718 3368 1787 3442 fere

221 3523 347 3591 nullam
372 3523 439 3591 rim
469 3547 617 3594 exercere
642 3537 804 3616 poterant.
862 3523 1014 3615 Deposita
1042 3523 1178 3594 fuerunt
1206 3525 1242 3592 in
1272 3525 1533 3595 execrationibus
1555 3528 1592 3596 in
1615 3529 1685 3622 ipso
1712 3556 1787 3602 saxo

221 3682 337 3767 fretis,
359 3703 427 3749 uon
448 3682 484 3749 in
505 3683 595 3751 renis
615 3684 835 3752 metalliferis:
859 3681 1000 3751 bulbum
1019 3684 1127 3774 ipsum
1143 3684 1370 3753 thermometri
1387 3686 1567 3778 recipiebat
1581 3689 1729 3760 foramen
1744 3692 1787 3760 ed

220 3845 284 3914 hoc
304 3840 508 3934 propositum
530 3841 564 3908 in
586 3863 664 3911 saxo
685 3841 841 3910 excisum.
888 3844 1120 3913 Excavotiones
1141 3844 1391 3913 obdurabantur
1412 3845 1516 3928 vitro,
1538 3869 1599 3938 per
1619 3850 1710 3938 quod
1732 3851 1788 3918 sa-

221 4001 283 4069 cile
295 4001 582 4070 ·thermometrum
603 4000 765 4070 observari
785 4017 931 4095 poterata
954 4004 1018 4072 hoe
1037 4001 1157 4069 vitrum
1181 4025 1290 4072 rursus
1312 4002 1427 4074 ostiolo
1448 4004 1577 4097 ligneo,
1598 4009 1689 4097 quod
1704 4009 1786 4078 elati

222 4157 453 4242 claudebatur,
482 4160 672 4229 obturatum
699 4174 781 4230 erat.
832 4164 937 4254 liujus
961 4162 1069 4232 ostioli
1094 4160 1218 4231 elavem
1241 4161 1412 4231 servabant
1429 4163 1648 4255 subpraefeeti
1671 4190 1788 4260 opera·

221 4315 363 4401 riorum,
402 4318 524 4406 quibus
552 4342 673 4388 munus
702 4321 911 4391 commissum
944 4336 1033 4406 eret,
1063 4323 1256 4393 observandi
1286 4324 1578 4411 thermometrum,
1609 4340 1785 4418 antequam

220 4474 493 4564 subsequentibus
521 4475 767 4568 exciperentur,
798 4480 834 4547 h.
864 4504 895 4550 e.
926 4481 1077 4572 quotidie
1105 4482 1186 4551 hora
1215 4493 1331 4570 quarta
1363 4495 1440 4551 ante
1477 4483 1672 4574 meridiem,
1703 4489 1785 4560 hora

288 4803 328 4875 (1)
355 4808 403 4857 Vos
424 4806 517 4857 Probra
534 4805 652 4858 ottavo·
667 4824 714 4859 m
729 4811 755 4861 to
775 4808 937 4878 temptatura
954 4813 985 4864 de
1002 4811 1149 4865 l’lste'risar
1163 4815 1207 4865 du
1224 4814 1315 4866 Miner.
1351 4819 1415 4868 Ans.
1429 4819 1472 4869 des
1489 4819 1572 4870 iliaca
1587 4820 1633 4871 111.
1650 4836 1706 4889 pag.
1723 4822 1765 4872 6⁰.

1585 4963 1615 5024 3.
