4440 6060
1097 553 1115 614 l

414 761 455 826 ln
475 781 596 850 genere
615 781 695 851 ergo
719 770 861 827 statuere
874 780 1061 848 possumus:
1083 756 1139 823 »si
1165 756 1360 825 verticaliter
1373 757 1409 824 in
1429 767 1596 825 externam
1620 756 1748 825 telluris
1765 772 1892 827 nostrae

326 930 490 985 »mustum
514 932 745 1008 penetremus,
782 918 926 1010 primum
949 916 1121 984 inventum
1140 915 1181 982 iri
1199 916 1342 984 limitem
1366 917 1554 986 variationis
1572 929 1813 1008 temperaturae
1840 919 1893 985 di-

326 1100 472 1163 aurnae,
513 1078 668 1170 deinceps
691 1102 838 1157 annuae,
868 1088 941 1167 post
968 1078 1067 1167 hujus
1097 1075 1239 1145 limitem
1264 1089 1467 1145 constantem
1493 1079 1779 1169 temperaturam.''

415 1237 458 1304 lli
486 1237 549 1305 loci
568 1251 680 1305 tamen
700 1239 877 1307 constantis
896 1249 1137 1327 temperaturae
1152 1259 1220 1305 non
1239 1237 1453 1305 inveniuntur
1473 1236 1579 1305 ubivis
1601 1236 1723 1306 eadem
1739 1236 1893 1305 distantia

326 1419 345 1462 a
367 1396 539 1485 superficie
558 1396 636 1477 soli,
665 1421 774 1488 neque
798 1401 914 1468 eadem
937 1412 1156 1489 temperatura
1177 1399 1317 1490 praediti
1335 1411 1429 1467 sunt:
1452 1398 1542 1487 quod
1566 1421 1605 1466 ex
1628 1411 1785 1487 sequente
1811 1421 1894 1466 eon-

327 1554 538 1644 templatione
562 1555 664 1623 etiam
683 1558 801 1626 melius
824 1557 1005 1649 apparebit.

411 1712 512 1780 Radii
543 1714 661 1782 solares
696 1716 731 1783 in
762 1739 879 1808 corpus
917 1718 1084 1808 quoddam
1105 1718 1286 1786 incidentes
1308 1731 1502 1809 promovent
1524 1717 1559 1784 in
1583 1738 1623 1785 eo
1657 1717 1799 1784 calorem
1835 1718 1892 1805 ().

324 1870 497 1958 Quantitas
521 1871 636 1939 caloris
661 1873 706 1940 ita
725 1876 861 1944 excitati
886 1877 949 1944 erit
968 1877 1004 1944 in
1028 1879 1154 1945 ratione
1183 1877 1375 1967 quantitatis
1397 1876 1564 1946 radiorum
1590 1878 1626 1943 in
1655 1898 1772 1966 eorpus
1790 1898 1894 1965 agen·

325 2030 421 2099 tium.
467 2034 530 2098 Pro
548 2031 682 2101 diversis
706 2034 808 2125 igitur
836 2035 963 2103 telluris
982 2049 1111 2104 nostrae
1130 2037 1303 2127 partibus,
1332 2037 1416 2104 haec
1435 2035 1601 2123 quantitas
1623 2056 1662 2101 eo
1690 2034 1792 2123 major
1809 2033 1892 2118 erit,

321 2211 388 2278 quo
415 2190 520 2280 magis
550 2192 748 2261 verticaliter
771 2194 855 2262 radii
881 2195 999 2264 solares
1024 2195 1059 2262 in
1090 2219 1142 2264 eas
1173 2195 1310 2278 cadant,
1333 2196 1421 2281 sire,
1443 2217 1510 2284 quo
1526 2194 1628 2283 major
1650 2193 1693 2259 sit
1715 2192 1806 2260 sinus
1824 2216 1894 2259 an-

322 2347 393 2439 guli
412 2347 624 2419 incidentiae.
671 2353 732 2420 llic
755 2355 896 2445 angulus
926 2348 1125 2422 incidentiae
1145 2354 1275 2423 mediae
1299 2356 1334 2446 fi.
1358 2379 1388 2422 e.
1418 2378 1484 2444 quo
1504 2355 1655 2421 incidant
1670 2353 1754 2421 radii
1776 2354 1894 2422 solares

323 2520 468 2599 tempore
491 2511 772 2600 aequinoctiorum
783 2513 805 2601 ,)
829 2525 878 2580 cst
900 2515 1180 2603 complementum
1201 2512 1386 2580 latitudinis
1411 2511 1487 2580 loci.
1534 2511 1593 2581 Vis
1611 2510 1780 2577 radiorum
1806 2510 1895 2578 sola-

324 2673 413 2741 rium
442 2674 507 2742 erit
529 2675 643 2765 igitur
659 2698 719 2765 pro
738 2698 935 2765 quacunque
953 2678 1109 2769 regione,
1132 2679 1169 2746 in
1197 2679 1323 2747 ratione
1342 2678 1472 2747 cosiutls
1496 2678 1693 2747 latitudinis.
1739 2682 1796 2745 Fst
1816 2700 1895 2768 ergo

324 2832 466 2900 maxima
492 2832 528 2901 in
549 2846 741 2924 aequatore,
775 2835 843 2903 fere
870 2833 962 2901 nulla
999 2835 1036 2902 in
1067 2836 1175 2926 polis:
1212 2836 1248 2904 in
1271 2836 1325 2903 his
1347 2835 1449 2927 igitur
1477 2835 1668 2926 regionibus
1698 2834 1893 2924 paucissima

325 2991 440 3060 coloris
471 2992 605 3085 vestigia
627 3005 856 3080 cernerentur,
882 2993 909 3061 si
933 2995 1017 3063 radii
1052 2996 1193 3083 solarer,
1230 3009 1359 3065 tantum
1380 3018 1417 3064 ea
1442 2994 1570 3064 ratione
1594 3017 1695 3083 quam
1717 2992 1892 3061 indicare-

321 3151 444 3238 rimus,
465 3153 501 3221 in
522 3154 673 3223 tellurem
693 3167 835 3225 nostram
857 3169 1003 3246 agerent.

410 3324 453 3388 tt
473 3345 549 3389 vero
572 3322 682 3407 calor,
711 3346 871 3412 magnum
896 3323 979 3391 illud
1011 3319 1212 3412 principium
1240 3318 1361 3403 vitale,
1385 3314 1542 3406 singulari
1568 3313 1710 3401 quadam
1735 3314 1890 3403 proprie-

324 3489 391 3544 tate
421 3497 440 3541 a
472 3480 608 3545 Summo
632 3479 774 3547 Numine
796 3480 963 3571 praeditus
996 3491 1063 3563 est,
1105 3498 1206 3566 quam
1238 3474 1351 3541 mirari
1381 3473 1458 3540 satis
1489 3493 1555 3539 non
1578 3494 1769 3560 possumus,
1801 3472 1891 3539 illam

324 3633 496 3725 significo,
521 3658 607 3724 qua,
637 3636 723 3705 calor
741 3639 921 3708 luminosus
943 3637 1072 3706 facilius
1095 3659 1153 3727 per
1178 3635 1285 3704 media
1307 3633 1470 3725 diaphana
1491 3641 1763 3719 tramittam,
1790 3657 1891 3722 quam

324 3814 468 3884 opacus,
501 3808 613 3864 contra
651 3794 686 3862 in
719 3797 783 3866 hac
808 3798 1021 3885 conditione,
1049 3795 1178 3864 facilius
1214 3797 1425 3864 conducatur.
1487 3796 1576 3879 Quid
1609 3796 1711 3884 igitur
1739 3792 1891 3860 obtinet?

326 3952 419 4022 Calor
445 3953 557 4023 solaris
587 3955 788 4043 luminosus,
818 3957 960 4024 maxima
987 3954 1019 4024 ri
1047 3954 1083 4022 in
1111 3953 1263 4044 regiones
1287 3954 1428 4043 tropicas
1458 3976 1580 4043 agens,
1614 3951 1661 4018 ibi
1696 3950 1796 4018 etiam
1819 3973 1892 4016 ma-

323 4111 409 4181 xima
438 4113 539 4203 copia.
561 4113 769 4182 absorbetur:
797 4115 836 4182 fit
866 4137 995 4205 opacus.
1050 4112 1174 4204 Exigua
1205 4123 1334 4179 tantum
1360 4111 1524 4199 quantitas
1559 4110 1758 4178 reflectitur:
1786 4109 1890 4199 major

324 4269 539 4358 conducitur,
560 4271 720 4341 nimirum
746 4273 873 4342 duabus
900 4270 1137 4341 directionibus
1164 4284 1198 4340 et
1224 4271 1405 4339 secundum
1426 4267 1612 4338 verticalem
1634 4291 1742 4337 versus
1764 4266 1890 4336 telluris

324 4442 471 4499 centrum
505 4446 538 4501 et
569 4433 748 4502 secundum
792 4432 1007 4503 directionem
1041 4430 1120 4501 lruie
1158 4429 1301 4500 verticuli
1343 4430 1659 4523 perpendicularem.
1725 4426 1887 4499 Posterior

386 4759 425 4830 (1)
462 4759 627 4815 ἀίκὸυὺιωι
647 4766 677 4815 ds
704 4768 800 4817 l'orrtmr
820 4764 904 4817 natet
921 4764 950 4816 dr
969 4766 1116 4833 plagantis,
1135 4766 1153 4814 l.
1167 4780 1189 4831 p.
1212 4764 1270 4813 tta.
