4440 6060
1082 573 1126 637 22

411 783 459 843 30.
505 773 733 866 Experimenta
759 779 800 842 10
823 785 858 843 et
881 779 918 841 11
944 772 1133 860 ostendunt,
1151 772 1279 866 pyrites
1299 796 1367 845 non
1388 795 1516 865 semper
1539 774 1678 866 gignere
1691 777 1830 847 eelorem
1849 781 1885 847 in

321 932 458 1017 fodinis;
486 957 565 1003 nam
582 935 619 1002 in
636 946 737 1024 puteo
757 935 809 1001 80.
829 932 962 1022 Georgii
985 933 1050 1023 (1),
1074 932 1133 1001 ubi
1155 933 1240 1001 nulli
1260 935 1391 1028 pyritae
1413 934 1554 1021 adsunt,
1582 934 1697 1004 eadem
1714 949 1785 1004 erat
1799 950 1886 1008 tem·

322 1105 487 1180 peratura.

416 1258 461 1316 4⁰.
507 1254 552 1318 Ex
575 1250 627 1316 his
647 1249 801 1318 omnibus
825 1250 923 1317 statui
941 1272 1035 1343 posse
1050 1250 1191 1336 videtur,
1212 1250 1248 1318 in
1267 1248 1380 1320 fodina
1399 1247 1611 1337 Poullaouen,
1633 1263 1887 1343 temperaturam

329 1430 395 1475 esse
417 1413 451 1474 2⁰
475 1407 517 1473 ad
542 1415 577 1475 30
603 1409 781 1498 majorem,
808 1431 868 1500 pro
891 1408 1068 1478 altitudine
1094 1414 1155 1479 160
1175 1422 1378 1494 metrorum,
1399 1430 1500 1497 quarn
1522 1407 1559 1476 in
1581 1410 1753 1501 superficie
1774 1414 1852 1482 Soli.

412 1565 535 1633 Fodina
560 1565 732 1658 Huelgoat
752 1567 813 1635 sita
838 1579 887 1636 est
911 1568 947 1635 in
967 1575 1024 1637 480
1051 1574 1105 1636 17‘
1128 1568 1187 1675 '17¹¹
1209 1566 1396 1636 latitudinis
1417 1579 1451 1635 et
1471 1574 1505 1635 6⁰
1525 1573 1557 1634 1'
1585 1569 1642 1637 46⁰
1671 1569 1890 1661 longitudinis

325 1724 545 1792 occidentalis.

416 1882 492 1970 Ejus
513 1880 633 1949 ostium
656 1894 704 1950 est
730 1888 792 1950 173
823 1882 936 1950 metris
963 1906 1060 1974 supra
1091 1883 1213 1952 Oceani
1247 1881 1467 1974 superficiem.
1514 1883 1683 1951 Invenitur
1709 1884 1745 1951 in
1770 1909 1891 1980 magna

326 2039 463 2129 planitie
487 2040 600 2133 (large
620 2041 757 2132 eoteou),
786 2042 866 2110 duaa
891 2042 1031 2110 vallese
1060 2064 1094 2110 ae
1119 2040 1260 2109 invicem
1278 2039 1494 2131 sejungente,
1517 2062 1658 2130 quarum
1676 2035 1892 2130 profunditu-

327 2213 374 2266 tes
398 2212 474 2265 sunt
505 2205 547 2267 80
568 2201 612 2268 ad
634 2205 675 2269 90
697 2214 887 2271 metrorum.
935 2205 1165 2292 Temperatura
1186 2199 1294 2268 media
1315 2198 1479 2290 liuelgoat
1500 2211 1549 2267 est
1567 2200 1794 2270 verosimiliter
1826 2211 1890 2272 110.

328 2362 448 2425 Saxum
463 2369 590 2425 constat
610 2381 648 2426 ex
668 2358 787 2427 schista
808 2359 981 2450 argilaoea,
1001 2361 1060 2429 sed
1079 2361 1227 2430 eontinet
1247 2361 1380 2451 insuper
1398 2373 1497 2429 strata
1511 2361 1676 2450 quaedam
1700 2361 1891 2451 aluminosa.

418 2518 664 2587 Observationes
683 2517 789 2587 fectae
811 2531 888 2586 sunt
909 2519 983 2587 ds
1008 2521 1230 2612 Septembris,
1256 2520 1371 2589 eodem
1397 2517 1453 2585 die
1470 2539 1546 2606 quo.
1562 2517 1766 2586 observatum
1790 2532 1837 2587 est
1859 2520 1895 2587 in

331 2678 542 2746 Poullaouen.
588 2677 718 2746 Invenit
740 2699 927 2744 euumssor:

419 2840 460 2895 10.
502 2839 540 2899 In
562 2835 715 2914 cuniculo,
736 2836 798 2899 sere
819 2836 857 2897 15
871 2836 971 2896 metris
992 2834 1069 2896 infra
1084 2833 1183 2911 illum,
1203 2855 1257 2918 per
1277 2855 1368 2920 quem
1385 2855 1457 2918 ope-
1544 2833 1634 2883 uratur
1700 2836 1810 2886 Altitudo
1827 2839 1889 2886 infr·

516 2962 518 2968 ·
1501 2925 1673 2975 thermometri.
1716 2925 1761 2976 ooli
1784 2930 1880 2994 superli-

334 2989 402 3049 rarii
419 2989 453 3049 in
469 2988 606 3050 fodinam
625 2988 831 3065 descendunt,
849 2989 961 3073 quique
986 2989 1113 3048 unicum
1134 2997 1255 3047 tanturn
1276 2985 1369 3047 babet
1396 2986 1458 3047 ori·
1780 3022 1786 3034 -

338 3138 454 3214 ficium,
482 3144 515 3201 in
538 3163 601 3225 quo
623 3140 714 3223 igitur
734 3138 839 3200 nullus
863 3139 936 3200 airis
959 3118 1099 3200 circuitus
1118 3159 1217 3221 neque
1240 3138 1367 3221 operarii
1386 3135 1460 3198 ade-

331 3304 413 3368 rant,
432 3293 683 3356 tbermometrum
702 3313 757 3373 per
772 3292 813 3352 20
836 3292 954 3351 minute
972 3293 1070 3371 prima
1088 3308 1281 3370 suspensum,
1304 3282 1458 3353 induam.
1554 3285 1615 3342 ll‘·

414 3466 458 3522 20.
499 3463 759 3524 thermometrum
788 3460 949 3520 demissum
980 3459 1012 3518 iu
1045 3468 1155 3542 aquam
1185 3468 1396 3542 stagnantem,
1426 3462 1460 3522 in

337 3611 481 3673 cuniculo
500 3611 715 3687 remotissimo,
735 3621 765 3673 et
782 3611 866 3672 omni
888 3611 961 3671 airis
987 3611 1116 3672 circuitu
1137 3622 1278 3690 munte,
1303 3581 1460 3679 indicavit.

415 3782 458 3848 30.
500 3788 538 3850 ln
557 3786 627 3850 loco
652 3787 753 3848 minus
773 3785 943 3871 profundo,
972 3785 1079 3849 sedin
1112 3809 1173 3872 quo
1201 3789 1333 3851 multum
1366 3814 1461 3877 aquae

334 3939 464 4001 stillabat
491 3950 580 4022 atque
608 3942 658 4001 ae'r
686 3939 779 4001 libere
810 3936 990 4000 circumibat
996 3940 1005 4015 3
1033 3936 1283 3999 thermometrum
1317 3937 1462 4001 indicavit

335 4099 568 4174 temperaturam
590 4087 683 4172 hujus
702 4110 797 4170 aquae
799 4127 1461 4149 ..............

417 4265 563 4346 Deinceps
594 4270 709 4346 partem
755 4258 982 4321 meridionalem
1013 4257 1134 4320 fodinae
1168 4259 1241 4322 adiit
1277 4283 1464 4327 auamssorus

339 4415 440 4498 ibique
461 4413 593 4477 invenit:

417 4566 460 4625 10.
501 4568 539 4625 ln
566 4562 699 4626 secundo
728 4561 885 4639 cuniculo,
907 4564 940 4624 in
959 4561 1028 4623 loeo
1049 4581 1139 4646 quem
1159 4560 1330 4645 frequenter
1355 4563 1465 4624 trand-

407 4765 443 4833 (l)
460 4765 514 4816 Vid.
531 4767 572 4815 vo.
588 4770 605 4816 d
621 4783 698 4834 supra.
