4440 6060
990 620 1032 681 9-3

226 852 243 892 »
257 824 440 907 luminum,
463 823 680 913 explosiones,
704 833 812 905 caet,
837 841 903 887 non
928 817 1079 885 sufficere
1106 814 1149 881 ad
1172 812 1396 905 explicandam
1421 824 1525 881 totam
1549 824 1678 880 auctam
1700 809 1794 880 fodi-

225 1005 373 1051 »narum
394 982 668 1072 temperaturam”
692 977 906 1047 confirmatur
928 972 1225 1057 observationibus3
1248 995 1286 1040 ex
1306 971 1359 1039 his
1380 970 1470 1040 enim
1491 992 1559 1040 non
1581 982 1672 1061 patet
1690 969 1795 1037 multo

225 1142 382 1232 majorem
403 1140 544 1209 inveniri
562 1151 837 1229 temperaturam,
876 1133 933 1202 ubi
970 1135 1033 1200 hae
1064 1155 1178 1200 causae
1204 1130 1381 1198 maximam
1408 1129 1474 1197 rim
1492 1151 1641 1199 exercere
1668 1141 1791 1220 possut.

313 1303 385 1384 lin,
423 1303 534 1367 Lector
566 1296 749 1381 Benevole,
786 1294 978 1386 praecipuas
1007 1315 1118 1360 causas
1144 1313 1228 1380 quae
1256 1311 1378 1380 augere
1408 1287 1513 1356 solent
1539 1301 1794 1380 temperaturam

212 1458 424 1527 ‚fodinarum.
482 1461 550 1524 Hae
580 1480 693 1525 causae
724 1454 861 1524 fuerunt
879 1452 1054 1543 praecipua
1079 1461 1297 1542 argumenta,
1319 1447 1439 1536 quihus
1460 1447 1545 1515 calor
1566 1445 1623 1514 ille
1649 1469 1793 1514 crescens

222 1627 479 1706 oppugnaretur.
535 1619 628 1683 Nunc
654 1616 809 1683 adeamus
839 1635 949 1681 causas
976 1610 1148 1679 variabiles
1179 1608 1379 1678 contrarium
1413 1617 1566 1675 eventum
1598 1605 1793 1697 gignentes,

222 1774 346 1841 scilicet
371 1774 443 1841 illas
474 1797 559 1863 quae
589 1786 843 1866 temperaturam
881 1772 1068 1842 fodinarum
1101 1771 1268 1838 minuunt.
1315 1772 1405 1837 Duae
1423 1770 1488 1836 hae
1506 1778 1583 1834 sunt
1601 1763 1792 1854 praecipuae

222 1941 276 2000 adr
299 1943 453 2000 externus
480 1945 513 2000 ct
538 1956 634 2022 aqua.
679 1932 860 2001 Ambarum
882 1933 948 1999 rim
973 1955 1012 2000 ex
1036 1929 1153 2000 ordine
1173 1931 1351 2000 rideamus.

309 2093 494 2162 llonuimus
520 2094 556 2160 in
572 2097 715 2160 Introitu
741 2093 787 2182 (l)
812 2114 906 2182 saepe
927 2114 1064 2182 magnas
1082 2091 1232 2182 impendi
1256 2114 1349 2160 curas
1366 2091 1409 2159 ad
1424 2089 1684 2181 promovendum
1708 2084 1792 2153 aeris

221 2250 393 2318 circuitum
422 2253 488 2319 sire
517 2252 764 2320 ventilationem
792 2252 828 2319 in
853 2249 987 2319 fodinis.
1044 2251 1129 2319 Hinc
1152 2250 1192 2318 fit
1220 2263 1258 2317 ut
1285 2263 1505 2341 temperatura
1531 2249 1635 2328 aeris,
1658 2246 1694 2312 in
1711 2242 1789 2312 locis

220 2407 278 2475 nbi
300 2410 373 2478 talis
391 2410 541 2496 obtinet,
566 2411 730 2500 (inprimis
754 2433 833 2501 ergo
864 2410 899 2478 in
920 2409 1040 2501 puteIs)
1067 2409 1113 2500 (2)
1136 2431 1317 2498 numquam
1339 2410 1433 2478 valde
1457 2421 1606 2478 accurate
1622 2420 1791 2496 tempera-

218 2578 326 2634 turam
363 2569 429 2635 saxi
460 2569 693 2638 circumdantis
732 2571 867 2639 indicet.
912 2574 968 2636 Est
992 2567 1082 2636 enim
1100 2568 1254 2659 princeps
1272 2568 1353 2636 aeris
1378 2567 1580 2659 proprietas,
1602 2563 1789 2633 asscendere

218 2725 350 2794 levitate
374 2751 431 2796 sua
456 2750 561 2816 quum
590 2728 633 2796 sit
665 2729 822 2816 calidior,
846 2730 1042 2798 descendere
1064 2728 1212 2818 pondere
1236 2750 1296 2798 suo
1313 2750 1418 2817 quum
1440 2727 1483 2794 sit
1505 2725 1671 2818 frigidior.
1704 2722 1789 2790 Hinc

217 2885 367 2974 perpetui
393 2885 442 2952 illi
472 2900 598 2955 meatus
627 2888 662 2955 in
690 2899 782 2974 aere,
814 2912 880 2958 non
912 2887 1003 2957 omni
1030 2901 1123 2978 parte
1151 2910 1256 2977 aeque
1284 2888 1459 2957 calefacto:
1488 2887 1569 2954 hinc
1599 2885 1639 2953 fit
1668 2897 1705 2953 ut
1733 2894 1788 2953 adr

215 3041 424 3128 ludinacam,
452 3045 613 3132 quamdiu
642 3044 685 3111 sit
712 3058 786 3115 aere
817 3061 951 3116 externo
990 3047 1126 3114 calidior
1164 3070 1294 3138 semper
1323 3046 1436 3149 exiis
1467 3060 1601 3138 surgat,
1632 3045 1787 3137 frigidior

215 3213 367 3269 externus
395 3224 523 3292 semper
553 3203 588 3270 in
616 3225 670 3271 eas
695 3204 888 3290 descendat,
912 3205 993 3274 hinc
1011 3205 1052 3274 fit
1070 3206 1215 3296 deniqne
1235 3219 1273 3275 ut
1293 3207 1328 3274 in
1352 3207 1435 3276 ostio
1453 3206 1604 3292 fodinae,
1625 3206 1787 3294 frequen·

214 3373 264 3428 ter
290 3361 357 3431 duo
377 3376 514 3472 meatus¹
530 3362 691 3454 distingui
719 3377 875 3455 possunt,
896 3387 980 3432 unus
1008 3364 1163 3455 frigidior
1187 3367 1362 3452 deorsum,
1393 3366 1631 3435 alter'calidior
1654 3386 1785 3434 sursum

214 3540 283 3586 sese
307 3542 450 3590 movens.
507 3525 617 3606 Quum
644 3542 724 3613 ergo
745 3533 801 3591 aer
821 3522 1100 3614 atmosplraericus
1122 3535 1251 3591 tantum
1279 3535 1451 3615 penetrare
1470 3523 1571 3615 possit
1591 3510 1626 3591 in
1656 3521 1785 3592 fodinas

214 3698 317 3765 quum
343 3677 386 3744 sit
417 3677 576 3761 minoris,
611 3701 680 3748 non
710 3703 785 3751 vero
816 3705 920 3772 quum
950 3684 994 3750 sit
1031 3683 1163 3774 majoris
1194 3694 1270 3752 acre
1298 3684 1488 3753 fodinarum
1520 3694 1782 3773 temperaturae,

212 3848 303 3926 patet
322 3837 442 3953 exinde
460 3837 555 3906 illum
578 3861 646 3908 non
663 3861 756 3930 posse
772 3864 894 3932 augere
913 3839 972 3910 sed
995 3841 1131 3911 omnino
1147 3842 1298 3912 minuere
1312 3854 1567 3933 temperaturam
1581 3839 1779 3909 fodinarum.

300 3996 397 4079 Quod
426 3997 545 4066 attinet
572 4000 617 4067 ad
643 4021 782 4089 aquam,
804 4013 838 4069 et
873 4001 957 4071 haec
981 4002 1082 4071 etiam
1107 4001 1194 4071 valet
1218 4003 1262 4069 ad
1289 4001 1504 4071 minuendam
1527 4014 1781 4091 temperaturam

212 4152 398 4222 fodinarum
446 4157 609 4250 imprimis
653 4162 903 4253 evaporatione,
942 4163 979 4231 in
1021 4162 1186 4255 plerisque
1216 4160 1339 4232 fodinis
1373 4161 1443 4231 fere
1481 4183 1549 4231 non
1585 4161 1777 4230 intermissa.

212 4311 374 4381 Omnibus
394 4313 483 4382 enim
503 4328 620 4386 notum
646 4331 715 4405 est,
736 4336 938 4413 quantopere
961 4321 1066 4391 valeat
1089 4320 1274 4413 evaporatio
1299 4321 1342 4389 ad
1365 4320 1572 4413 gignendm
1591 4318 1697 4410 frigus
1717 4341 1778 4386 nec

210 4493 291 4562 opus
310 4471 385 4540 erit
412 4471 550 4560 addere,
573 4499 645 4545 earn
680 4501 719 4550 eo
753 4481 870 4551 melius
905 4483 1101 4573 procedere,
1127 4505 1194 4572 quo
1223 4481 1379 4573 majorem
1402 4477 1609 4570 superficiem
1634 4477 1776 4546 fluidum

295 4728 333 4799 (1)
366 4732 496 4783 assato.
517 4749 572 4802 μς.
590 4737 615 4787 a

287 4841 645 4918 mmfflmm
