4440 6060
1225 634 1268 695 72

553 841 619 907 Nee
641 847 769 905 tantum
791 835 828 901 in
849 832 972 902 fodinis
994 832 1232 899 incrementum
1256 831 1388 917 caloris,
1413 855 1525 901 verum
1548 834 1650 901 etiam
1672 848 1909 926 temperaturas
1925 842 1983 909 soli
1999 857 2034 910 et

465 999 548 1067 aeris
569 997 695 1066 medias
718 1018 779 1086 pro
801 993 936 1064 diversis
957 992 1189 1059 altitudinibus
1210 1014 1307 1084 supra
1330 992 1429 1060 maris
1451 993 1658 1084 superficiem
1682 994 1771 1063 idem
1795 996 1975 1088 indagavit.

552 1155 815 1226 Determinandis
837 1152 1067 1243 temperaturis
1088 1153 1206 1221 mediis
1229 1154 1288 1222 soli
1312 1153 1531 1224 inservierunt
1551 1156 1810 1243 observationes,
1834 1180 1915 1248 quas
1935 1160 1971 1227 in
1987 1162 2031 1228 lo·

464 1320 510 1387 eis
534 1318 738 1399 fodinarum,
767 1312 954 1404 superficiei
975 1312 1149 1403 proximis,
1174 1313 1367 1382 instituerat.
1414 1320 1538 1384 Harum
1560 1317 1677 1384 sumsit
1699 1330 1932 1407 temperaturas
1955 1342 2031 1387 me·

462 1479 530 1547 dias
553 1499 693 1561 annuas,
717 1486 817 1563 atque
839 1474 885 1540 ita
909 1472 1053 1556 invenit;

1395 1744 1633 1783 surmoomss
1652 1637 1917 1960 Ι
2049 1784 2054 1797 ,

800 1806 803 1813 ,
837 1783 955 1833 ttollttb
973 1783 1122 1834 Locotttlt.
1678 1790 1892 1831 murrinum.

1418 1847 1507 1886 sorar
1526 1847 1612 1886 usas.

602 2092 776 2175 Churprinz.
807 2131 1349 2153 ..................

600 2247 681 2306 Neue
702 2243 856 2326 lloffnung
872 2245 972 2305 Gottes
999 2285 1352 2306 ............

601 2400 642 2461 st.
658 2401 755 2480 Georg
770 2417 864 2479 prope
885 2395 1076 2479 Schneeberg
1088 2438 1351 2458 .........
1420 2383 1429 2397 ’

600 2550 817 2612 llimmelssrirst
839 2591 1351 2612 .................

599 2702 735 2764 Urbanus
738 2742 1350 2766 ....................

601 2855 668 2916 Erla
680 2854 872 2939 liothenberg
899 2895 1350 2919 ...............

600 3010 716 3071 llarkus
731 3008 863 3092 Rohflng
886 3047 1346 3071 ...............

602 3163 716 3225 Podina
733 3185 827 3248 prope
845 3161 1009 3244 Altenberg
1021 3201 1318 3225 ..........
1337 3192 1351 3223 ·.

603 3319 706 3381 Gnade
729 3321 830 3379 Gottes
856 3318 921 3377 und
937 3315 1083 3400 Neujabrs
1104 3318 1233 3377 llaassen
1258 3336 1352 3398 prope

665 3433 973 3529 lohangeorgenstodt
994 3473 1351 3496 ............

550 3712 695 3800 Apparet
717 3710 751 3777 in
777 3733 898 3802 genere
921 3709 1097 3779 diminutio
1119 3723 1359 3801 temperaturae
1381 3734 1442 3802 pro
1466 3712 1590 3801 majore
1611 3709 1787 3779 altitudine
1808 3731 1904 3801 supro
1929 3710 2027 3776 maris

460 3869 624 3955 libellam,
648 3883 827 3938 esttamen
852 3870 934 3939 haee
955 3870 1133 3941 diminutio
1154 3896 1251 3963 saepe
1273 3872 1450 3942 abnormis.

548 4033 591 4097 Ut
621 4029 674 4098 lex
707 4029 937 4099 diminutionis
970 4054 1009 4098 ex
1041 4033 1080 4099 iis
1108 4033 1267 4118 ducatur,
1291 4032 1333 4099 sit
1358 4033 1392 4099 d.
1415 4029 1601 4099 differentia
1628 4043 1867 4120 temperaturae
1887 4030 2024 4096 duarum

460 4190 721 4262 observationum
744 4191 781 4258 b.
809 4190 995 4259 differentia
1029 4192 1213 4261 altitudinis
1247 4192 1411 4279 locorum,
1442 4190 1500 4259 ubi
1534 4191 1597 4258 hae
1627 4189 1867 4258 observationes
1888 4188 2024 4255 institu-

460 4366 512 4420 tae
534 4365 621 4421 sunt.

549 4512 733 4583 Diminutio
746 4524 989 4604 temperaturae
1002 4537 1061 4606 pro
1070 4517 1244 4585 altitudine
1258 4521 1320 4584 100
1336 4528 1527 4598 metrorum,
1541 4509 1741 4579 indicabitur
1751 4508 1813 4574 hae
1823 4509 2026 4596 aequatione,

1183 4704 1244 4765 100
1267 4698 1301 4764 a.
1386 4757 1390 4765 .

1183 4794 1307 4901 'u—
