4440 6060
1083 596 1125 657 st

410 806 695 876 Thermometrum
716 799 762 869 ite
790 800 1005 882 instnaotum,
1029 792 1208 864 demissum
1229 793 1295 863 suit
1316 796 1352 865 in
1377 781 1519 888 puteum¹
1541 797 1686 869 foratum
1707 800 1750 870 nd
1772 801 1892 872 altitu-

322 966 436 1034 dinem
461 970 746 1044 tornodorum
772 959 827 1027 die
848 962 888 1025 21
916 955 998 1024 Julii
1030 960 1133 1041 18³4,
1158 954 1240 1024 hora
1267 967 1379 1026 octava
1398 970 1473 1049 poat
1493 956 1681 1030 meridiem.
1725 960 1893 1032 Reliouam

322 1125 388 1196 tuit
417 1136 486 1194 tota
511 1135 607 1193 noote
635 1123 673 1189 in
699 1118 806 1188 fundo
824 1125 917 1209 putei
940 1130 1042 1206 atque
1060 1127 1242 1185 mundum
1264 1128 1422 1206 sequente
1440 1115 1513 1204 die,
1535 1117 1617 1188 hors
1637 1119 1794 1211 septima,
1817 1135 1895 1191 onte

324 1284 510 1354 meridiem.
554 1279 824 1372 Requirebantur
846 1282 880 1346 θ’
898 1277 957 1347 27’
980 1276 1023 1344 ad
1047 1275 1285 1346 extrahendum
1306 1286 1500 1369 apparatum
1518 1301 1538 1347 e
1556 1290 1673 1369 puteo,
1697 1293 1732 1348 et
1747 1277 1897 1351 thermo-

324 1456 467 1514 metrum
494 1462 535 1510 ex
564 1451 734 1532 apparatu.
781 1437 936 1508 Ostendit
965 1435 1031 1509 hoo
1064 1442 1155 1505 1⁰⁰6.
1211 1435 1276 1523 Qui
1297 1435 1436 1526 quidem
1458 1449 1594 1506 erenms
1615 1459 1685 1509 non
1705 1439 1897 1511 notabiliter

324 1603 436 1672 differt
456 1623 476 1687 a
497 1597 738 1691 temperatura,
761 1618 861 1688 quam
883 1597 936 1665 vir
956 1594 999 1665 ol.
1023 1619 1109 1665 noan
1131 1596 1270 1665 invenit.

413 1760 511 1830 atiud
534 1759 827 1844 thermometrum,
858 1757 974 1828 eodem
996 1757 1097 1828 modo
1117 1757 1331 1845 insuuotum,
1356 1756 1545 1851 depositum
1564 1757 1630 1828 fuit
1652 1759 1690 1829 in
1706 1758 1813 1831 fundo
1836 1761 1897 1833 do-

325 1922 462 1991 raminis
498 1927 576 2008 7,0o
607 1930 807 2004 metrorum,
831 1916 974 1987 oonieoti
997 1917 1033 1987 in
1054 1916 1123 1988 solo
1142 1940 1246 2010 prope
1263 1929 1417 2010 pateam.
1462 1921 1540 1989 Pars
1559 1919 1708 2011 superior
1727 1918 1899 1990 foraminis

326 2083 476 2152 obturato
505 2079 572 2149 fuit
596 2079 708 2172 ligno,
738 2077 776 2145 in
795 2099 868 2146 eam
890 2077 1128 2169 conglutimto.
1181 2077 1307 2148 nonem
1330 2077 1488 2170 temporis
1512 2078 1639 2170 spatio,
1661 2100 1729 2170 qao
1752 2080 1897 2172 primum

327 2243 602 2311 thermometrum
622 2237 660 2306 in
678 2247 799 2330 puteo,
823 2236 888 2307 boo
909 2236 946 2336 in
967 2235 1131 2308 foramine
1151 2239 1287 2308 msnsit.
1331 2239 1485 2310 Ostendit
1507 2250 1763 2330 temperaturam
1783 2248 1851 2311 11⁰.

416 2399 510 2468 Idem
537 2395 814 2466 thermometrum
834 2394 991 2487 deinceps
1013 2396 1193 2466 demissum
1212 2397 1279 2467 fuit
1298 2398 1335 2467 in
1361 2398 1506 2469 fundum
1525 2406 1620 2492 putei
1642 2399 1733 2470 domi
1755 2401 1899 2493 propin·

328 2583 428 2650 quae:
449 2559 508 2627 hio
529 2557 653 2628 fundus
669 2559 760 2650 jacet
780 2558 912 2627 circiter
929 2563 969 2628 1³
990 2560 1108 2629 metris
1127 2559 1214 2629 infra
1235 2558 1296 2631 soli
1315 2558 1534 2650 superficiem.
1580 2563 1674 2652 Aqun
1689 2559 1901 2629 assoendebst

330 2721 366 2787 in
387 2720 445 2788 illo
466 2719 537 2788 fere
558 2720 602 2787 ad
621 2741 726 2788 unum
749 2718 801 2786 rel
824 2739 931 2787 unum
951 2731 986 2787 et
1007 2718 1188 2790 dimidium
1204 2734 1360 2792 metrum.
1407 2725 1494 2793 Dnts
1509 2724 1607 2794 horas
1623 2723 1659 2792 in
1678 2735 1778 2815 puteo
1798 2721 1899 2791 relio-

331 2894 422 2963 tum,
443 2878 587 2948 ostendit
608 2878 883 2948 thermometrum
908 2884 999 2946 10⁰5.

420 3039 515 3109 Unde
537 3051 673 3151 apparet
692 3051 726 3108 et
743 3039 803 3109 hats
821 3037 1065 3109 observationes
1084 3038 1216 3108 nullum
1237 3041 1383 3112 notabile
1405 3052 1645 3132 temperaturae
1659 3039 1900 3112 incrementum

332 3199 503 3269 indioasse.
545 3199 752 3291 sperandum
773 3210 822 3268 est
840 3220 924 3289 opus
947 3221 967 3265 a
990 3198 1061 3267 viro
1084 3198 1337 3272 honoratissimo
1356 3224 1457 3271 sroor
1470 3214 1540 3271 tam
1561 3200 1775 3271 laudabiliter
1787 3201 1903 3290 inoep·

334 3373 459 3430 tumet
480 3372 550 3428 tam
569 3371 813 3469 perseveranter
836 3359 1050 3449 perductum,
1070 3358 1207 3428 tandem
1228 3361 1272 3430 ad
1291 3360 1424 3432 felioem
1445 3360 1549 3430 finem
1566 3373 1760 3452 perventum
1776 3358 1829 3427 iri.
1852 3362 1901 3426 lta
2052 3424 2057 3431 .

336 3516 430 3587 nobis
453 3499 543 3586 'forte
570 3517 729 3610 largietur
762 3516 1004 3610 opportunitas,
1034 3520 1254 3608 eognoscendi
1275 3533 1529 3613 temperaturam
1549 3519 1613 3591 looi
1634 3517 1901 3612 profundissimi,

337 3702 437 3771 quem
455 3700 604 3769 anquam
622 3677 659 3748 in
679 3679 732 3749 his
750 3678 943 3773 regionibns
961 3678 1156 3772 attigemnt.
