4440 6060
1085 626 1127 690 69

398 836 484 902 ,Sint
515 834 705 921 altitudines
738 834 879 902 duorum
909 830 1075 915 locorum,
1099 827 1136 894 in
1156 826 1273 894 eadem
1293 825 1426 907 fodina,
1446 848 1542 918 supra
1562 826 1661 894 maris
1681 828 1887 918 superficiem

322 999 365 1075 ll¹
387 1006 421 1062 et
440 998 506 1079 H„
533 992 591 1060 ubi
616 997 662 1077 ll¹
694 1004 819 1082 spectat
839 989 988 1057 altiorem
1013 989 1138 1072 locum,
1163 986 1208 1053 ita
1229 997 1267 1052 ut
1288 989 1332 1066 ll1
1352 991 1389 1063 >
1409 991 1476 1073 ll„
1501 986 1632 1075 sintque
1651 999 1889 1078 temperaturae

322 1154 441 1225 horum
470 1153 616 1222 locorum
641 1155 682 1234 T¹
703 1163 737 1219 et
755 1154 817 1235 T„
841 1150 884 1217 ad
902 1150 1022 1217 scalam
1045 1146 1269 1238 centigradam
1290 1146 1420 1214 relatae.
1468 1145 1675 1237 Comparatio
1699 1145 1818 1215 horum
1839 1145 1890 1212 lo-

323 1336 435 1382 corum
458 1312 551 1380 dabit
574 1335 636 1403 pro
656 1310 832 1378 altitudine
854 1316 916 1377 loo
939 1323 1138 1394 metrorum,
1162 1308 1401 1376 incrementum
1428 1319 1667 1396 temperaturae

969 1499 1032 1561 100
1048 1493 1230 1584 (r2-r1)

872 1569 898 1608 x
917 1568 951 1608 τ,
973 1593 1003 1600 .-.
1061 1591 1230 1599 .,.-.-..-

1014 1615 1060 1694 ll¹
1074 1651 1108 1663 -
1122 1614 1183 1695 Ha·

410 1799 497 1861 llaec
514 1792 681 1882 quantitas
703 1819 730 1859 x
749 1793 843 1860 valde
862 1792 988 1860 diversa
1009 1803 1058 1858 est
1079 1812 1139 1880 pro
1160 1788 1295 1856 diversis
1314 1787 1448 1857 fodinis.
1482 1793 1529 1856 Ex
1552 1786 1705 1857 omnibus
1720 1787 1773 1855 his
1787 1809 1892 1876 quan·

320 1948 468 2017 titatibus
491 1951 633 2018 mediam
656 1951 798 2018 maxime
819 1951 1024 2042 probabilem
1045 1950 1219 2039 quaesivit.
1264 1949 1477 2040 Singularum
1508 1947 1597 2015 enim
1628 1947 1891 2016 observationum

323 2123 456 2177 eventus
484 2109 533 2198 (a)
564 2110 689 2178 habent
709 2110 852 2179 valorem
871 2112 966 2180 valde
986 2113 1168 2195 diversum,
1195 2132 1294 2198 quem
1319 2109 1479 2201 respicere
1503 2108 1680 2193 debemus,
1702 2108 1729 2173 si
1752 2129 1893 2196 compu-

322 2282 428 2334 temus
460 2281 614 2336 eventum
648 2270 803 2336 ultimum
837 2271 987 2338 omnium
1016 2270 1296 2350 observationum,
1333 2282 1370 2336 ut
1388 2269 1445 2337 hic
1469 2268 1511 2336 sit
1537 2267 1680 2335 maxime
1702 2264 1891 2356 probabilis.

322 2428 420 2497 Valor
439 2432 573 2497 eventus
596 2430 694 2497 unius
714 2431 840 2521 pendet

415 2595 446 2654 1⁰
468 2613 486 2654 a
509 2589 728 2658 diuturnitate
751 2591 905 2681 temporis
928 2591 1170 2660 observationis.

412 2755 446 2814 2⁰
471 2772 490 2815 a
513 2749 701 2818 differentia
723 2751 909 2819 altitudinis
932 2752 1078 2821 locorum
1102 2752 1198 2820 inter
1211 2775 1245 2820 sc
1268 2764 1541 2841 comparatorum.

411 2916 446 2976 3ο
469 2908 511 2976 ab
544 2911 673 2980 actione
703 2913 827 3002 majore
855 2912 906 2981 vel
928 2913 1060 2981 minore
1082 2934 1253 2981 musarum
1277 2924 1486 2980 externarum
1509 2911 1545 2977 in
1567 2922 1802 3001 temperaturas
1824 2910 1892 2980 ob-

469 3084 619 3137 servatas.

412 3224 496 3292 Dicit
519 3250 667 3294 amonius
690 3230 832 3296 valorem
858 3229 957 3296 unius
979 3233 1113 3297 eventus
1132 3252 1276 3298 crescere
1304 3253 1380 3298 cum
1406 3231 1625 3300 diuturnitate
1648 3233 1804 3322 temporis
1828 3233 1893 3300 ob-

323 3383 532 3470 servationis,
555 3388 613 3456 sed
635 3411 704 3457 non
728 3386 765 3455 in
786 3389 913 3457 ratione
935 3388 1098 3480 simplici,
1122 3411 1207 3474 quae
1229 3390 1314 3457 foret
1332 3391 1432 3457 nimis
1453 3414 1593 3482 magna,
1616 3414 1695 3458 nam
1712 3392 1892 3460 observatio

322 3544 485 3631 quaedam
518 3569 547 3614 e.
571 3571 604 3637 g.
634 3549 825 3616 nonhabet
850 3550 993 3619 valorem
1019 3550 1121 3640 duplo
1143 3551 1302 3639 majorem
1327 3563 1402 3640 post
1423 3551 1505 3618 duos
1525 3573 1647 3636 annos,
1672 3572 1773 3639 quam
1793 3550 1894 3618 habet

323 3715 397 3793 post
419 3726 533 3771 unum.
578 3708 700 3775 Statuit
720 3732 799 3801 ergo
819 3735 984 3797 amemus,
1011 3712 1155 3780 valorem
1178 3712 1412 3781 observationis
1429 3712 1545 3803 augeri
1567 3710 1603 3779 in
1623 3712 1752 3781 ratione
1774 3709 1892 3778 radicis

324 3879 460 3953 quartae
479 3868 639 3956 temporis
659 3869 910 3942 observationis:
941 3895 1041 3963 quem
1062 3872 1203 3941 valorem
1225 3893 1294 3940 non
1312 3871 1377 3938 nisi
1399 3871 1572 3940 arbitrario
1593 3871 1690 3938 statui
1711 3892 1803 3960 posse
1823 3870 1892 3958 ipsc

324 4048 470 4135 amonius
493 4027 646 4096 affirmat.

414 4186 512 4255 Valor
532 4189 631 4256 unius
653 4195 789 4261 eventus
810 4192 945 4282 ponitur
968 4192 1002 4261 in
1025 4207 1112 4263 rocta
1134 4195 1262 4265 ratione
1284 4194 1490 4264 differentiae
1512 4194 1739 4263 altitudinum.

414 4346 510 4429 Quod
542 4347 662 4416 attinet
692 4351 735 4418 ad
770 4352 934 4421 actionem
967 4376 1138 4423 causarum
1174 4368 1385 4424 externarum
1419 4354 1455 4421 in
1487 4355 1739 4439 thermometra‚
1777 4355 1892 4422 statuit

326 4524 473 4573 anemos
504 4508 646 4578 valorem
675 4516 810 4581 eventus
841 4535 983 4583 crescere
1009 4539 1086 4593 cnm
1115 4515 1340 4585 diminutione
1366 4510 1573 4583 differentiae
1596 4512 1776 4580 maximum
1805 4513 1891 4582 inter

327 4666 570 4756 minimumque
594 4671 733 4760 gradum
756 4668 1050 4747 in'thermomeuo
1076 4676 1294 4746 observatum.
1340 4678 1413 4745 llon
1436 4688 1547 4743 tamen
1569 4674 1665 4764 ponit
1688 4675 1779 4742 bunc
1802 4676 1891 4743 valo-

275 4891 277 4895 ,
327 4848 396 4895 rem
417 4849 484 4895 esse
506 4827 541 4894 in
561 4829 689 4898 ratione
707 4832 850 4924 simplici
873 4837 997 4906 inversa
1017 4838 1118 4929 ipsius
1137 4837 1360 4924 differentiae,
1379 4839 1437 4908 sed
1458 4839 1527 4930 ejus
1548 4837 1664 4906 radicis
1684 4837 1857 4906 secundae.
