4440 6060
1090 619 1131 679 44

412 820 609 889 ldonendum
639 821 704 888 boc
740 819 812 888 loco
843 831 924 908 puto
956 817 1043 883 hano
1069 815 1240 902 tabellam,
1277 818 1460 887 desumtam
1492 842 1559 886 esse
1594 842 1633 886 ex
1661 841 1759 909 opere
1793 842 1894 887 aros-

226 1056 231 1064 ·
324 997 423 1040 naam
445 988 479 1043 et
501 999 642 1062 suom,
670 1001 766 1068 supra
797 977 914 1062 citato,
939 996 1044 1064 quum
1067 973 1153 1040 mihi
1186 973 1427 1046 dissertationes
1456 976 1619 1046 societatis
1649 979 1894 1069 corisopitensis

324 1155 511 1224 comparare
534 1158 601 1205 non
623 1134 809 1225 contigerit.
857 1136 1025 1202 Mensurae
1050 1131 1234 1200 altitudinis
1255 1147 1290 1203 et
1309 1147 1550 1226 temperaturae
1574 1138 1727 1206 reductae
1753 1137 1894 1206 suntad

323 1305 426 1360 metra
449 1308 482 1362 et
503 1293 675 1362 divisiones
696 1293 801 1362 scalae
825 1292 1054 1382 centigradae,
1084 1291 1135 1382 (ut
1158 1292 1194 1359 in
1218 1305 1286 1361 toto
1316 1294 1380 1361 hoe
1403 1294 1517 1364 libello
1545 1296 1657 1364 solitus
1679 1319 1753 1363 sum
1762 1296 1785 1384 ‚)
1811 1317 1894 1386 pos-

323 1451 456 1521 teriores
482 1475 501 1518 a
525 1451 683 1522 divisione
706 1452 908 1535 Reaumuri,
936 1452 985 1519 uti
1011 1451 1108 1520 doeet
1136 1451 1306 1540 inscriptio
1331 1453 1469 1523 tabellae
1491 1456 1580 1545 apud
1603 1477 1820 1522 seorstanum
1837 1453 1897 1522 ob-

322 1611 384 1679 vio.
417 1616 485 1680 Hoc
510 1610 632 1679 idcireo
656 1624 770 1679 notatu
793 1611 935 1701 dignum
956 1608 1084 1695 censui,
1105 1607 1184 1698 quio
1209 1621 1449 1700 temperaturae
1471 1613 1534 1680 hac
1555 1612 1674 1680 tabella
1692 1612 1895 1710 designatae,

321 1780 492 1859 tantopere
512 1743 666 1861 superant
690 1782 925 1860 temperaturas
945 1768 988 1835 ab
1009 1768 1099 1850 aliis,
1117 1768 1312 1858 plerumque
1331 1769 1367 1836 in
1392 1771 1509 1839 iisdem
1529 1771 1666 1856 fodinis,
1698 1771 1896 1840 observatas.

322 1928 476 1998 Vidimus
500 1951 529 1996 e.
557 1952 590 2019 g.
612 1952 685 1997 ron.
710 1952 851 2016 nnuma,
885 1927 1045 1998 invenisse
1073 1938 1327 2017 temperaturam
1357 1934 1414 1998 20⁰
1438 1932 1481 1998 ad
1504 1935 1606 2011 2005,
1634 1951 1695 2019 pro
1721 1929 1897 1998 altitudine

323 2094 387 2156 342
417 2100 620 2173 metrorum,
656 2111 760 2177 quum
784 2110 969 2155 sarsurus
997 2086 1035 2153 in
1067 2085 1182 2155 eadem
1214 2086 1286 2156 fere
1316 2089 1493 2158 altitudine
1523 2094 1640 2175 ³7⁰‚40
1664 2088 1899 2158 observaverit:

323 2247 407 2312 Num
426 2246 509 2314 haee
527 2258 595 2314 tam
624 2247 776 2315 notabilis
801 2245 989 2315 differentia
1017 2258 1082 2312 tota
1107 2245 1261 2334 explicari
1285 2257 1394 2336 potest
1411 2272 1430 2316 e
1449 2246 1629 2338 praesentia
1646 2269 1805 2336 aquarum
1821 2249 1896 2337 qui-

323 2405 382 2473 bus
410 2405 491 2472 haec
510 2405 625 2475 fodina
650 2407 801 2474 immersa
818 2405 905 2492 fuit,
931 2427 1036 2495 quum
1057 2427 1171 2470 sauros
1191 2426 1248 2472 sua
1269 2403 1456 2473 institueret
1474 2407 1721 2496 experimenta?

413 2568 583 2634 Caeterum
609 2568 691 2635 haec
716 2579 811 2633 aucta
837 2577 1056 2656 temperatura
1078 2585 1145 2630 non
1172 2576 1300 2630 tantum
1323 2585 1383 2653 pro
1409 2564 1538 2655 magnis
1561 2564 1813 2647 altitudinibus,
1841 2569 1899 2635 sed

325 2723 360 2789 in
383 2722 537 2790 omnibus
558 2747 707 2790 sannam
728 2721 1011 2791 observationibus
1029 2733 1180 2810 apparet:
1205 2722 1250 2790 ita
1272 2734 1310 2790 ut
1326 2721 1353 2788 si
1376 2724 1462 2790 hanc
1485 2724 1658 2805 tabellam,
1680 2747 1756 2792 cum
1777 2726 1896 2794 tabella

326 2903 412 2949 roxrr
438 2904 663 2972 comparemus
687 2883 753 2974 (l),
779 2883 813 2949 in
836 2904 900 2970 qua
922 2893 1156 2970 temperaturas
1177 2882 1303 2951 medias
1331 2888 1371 2949 10
1393 2882 1581 2950 fodinarum
1603 2883 1748 2972 exponit,
1774 2885 1836 2951 hac
1855 2885 1900 2951 ab

326 3041 405 3127 illis,
426 3041 496 3110 fere
518 3064 649 3127 omnes,
677 3042 750 3131 plus
776 3039 924 3108 minusve
949 3038 1068 3130 viginti
1099 3040 1254 3131 gradibus
1281 3055 1484 3133 superentur.
1533 3041 1627 3109 Unde
1662 3054 1774 3111 tamen
1798 3042 1838 3110 fit
1861 3056 1899 3110 ut

326 3202 459 3288 ambae,
484 3202 577 3291 valde
605 3200 795 3286 dissimiles,
819 3200 959 3270 tabellae
987 3200 1056 3271 fere
1083 3202 1172 3271 idem
1198 3204 1439 3270 incrementum
1464 3201 1612 3271 medium
1639 3201 1754 3271 caloris
1782 3215 1897 3271 osten-

328 3362 423 3446 dant,
454 3362 546 3449 quod
566 3374 615 3428 est
639 3369 671 3427 1⁰
692 3386 751 3452 pro
774 3367 816 3428 23
838 3363 889 3429 vel
910 3368 952 3428 24
980 3360 1106 3426 metris.

417 3518 464 3585 Iu'
479 3518 551 3586 aliis
570 3519 669 3588 etiam
696 3521 833 3608 llagnae
866 3516 1067 3585 Brittanniae
1086 3515 1250 3606 partibus,
1269 3537 1402 3605 quoquo
1424 3516 1466 3583 de
1491 3517 1553 3585 hoc
1578 3530 1772 3609 argumento
1799 3519 1899 3585 insti-

332 3691 419 3746 tutae
440 3690 517 3746 sunt
540 3676 795 3762 observationem
816 3676 861 3744 ita
887 3700 916 3744 e.
942 3701 975 3768 g.
1011 3675 1196 3745 invenimus
1228 3675 1452 3768 experimenta
1486 3698 1625 3745 nosram
1646 3701 1748 3764 narn,
1778 3679 1813 3746 in
1841 3701 1898 3746 co·

328 3837 497 3907 mitatihus
518 3836 829 3928 septentrionalibus
851 3837 991 3929 Angliae
1016 3839 1075 3930 (2).
1123 3838 1253 3906 Invenit
1272 3837 1328 3905 hic
1348 3848 1584 3927 temperaturas
1609 3806 1778 3926 sequentes
1797 3839 1831 3904 iu

584 4022 717 4092 ‚Fodina
744 4024 804 4092 W
798 4025 985 4108 hitehooen,
1008 4022 1043 4089 in
1069 4022 1227 4091 comitatu
1249 4019 1404 4090 Gumbria
1426 4018 1686 4110 (cumberland.)

489 4206 547 4268 A'e'r
567 4207 600 4265 in
620 4202 778 4286 superficie
813 4245 1608 4268 ................
1657 4203 1740 4264 1208.

491 4358 570 4420 Fons
590 4357 623 4416 iu
643 4353 800 4437 superficie
821 4396 1454 4425 .............
1530 4380 1560 4416 ’.
1606 4402 1612 4414 .
1678 4354 1742 4415 904.

322 4667 329 4677 ·
401 4701 439 4770 (l)
455 4701 509 4755 vit.
527 4718 580 4767 pag.
599 4704 644 4751 80.

402 4818 440 4884 12)
460 4822 522 4866 dnn.
540 4815 587 4864 t'ta
605 4825 629 4864 et
651 4817 698 4869 Pa.
717 4817 781 4866 xsst.
800 4833 854 4883 pag.
872 4817 931 4864 204.
1041 4812 1046 4861 2
