4440 6060
801 1356 1236 1453 INTROITUS.

928 1604 1111 1632 -*-

1003 1901 1037 1943 De
1060 1908 1134 1944 toules
1165 1904 1198 1946 les
1217 1904 1334 1958 questions
1359 1903 1525 1959 retentisque,
1553 1905 1592 1959 qui
1614 1911 1655 1946 ont
1671 1904 1706 1947 dtd
1722 1904 1806 1963 rgitder

972 1983 1051 2037 depuis
1062 1984 1169 2038 quelques
1180 1982 1263 2025 sunder
1270 2012 1278 2033 ,
1298 1996 1342 2024 une
1361 1983 1398 2025 der
1417 1984 1469 2038 plus
1484 1985 1597 2026 curienses
1605 1986 1810 2029 eateertrinement

971 2065 995 2107 la
1021 2065 1125 2119 question
1145 2065 1172 2107 de
1187 2064 1278 2116 srvoir,
1302 2065 1321 2106 si
1338 2065 1360 2106 le
1382 2064 1448 2121 globo
1469 2071 1576 2108 terrestre
1599 2080 1706 2111 conserva
1727 2082 1808 2111 encore

972 2146 1079 2201 quelques
1097 2152 1169 2188 traces
1185 2146 1211 2187 ds
1227 2158 1251 2187 ιι
1272 2144 1370 2188 chalem·
1385 2143 1510 2200 d'origtm.

1611 2242 1691 2271 sasso.

239 2543 530 2675 Quandoquidem
566 2566 650 2634 haec
676 2577 725 2634 est
758 2578 875 2633 natura
904 2567 1070 2653 hominis,
1113 2578 1152 2632 ut
1184 2561 1335 2652 quotidie
1371 2536 1430 2629 in¹
1457 2583 1608 2630 sermone
1645 2563 1800 2631 familiari

240 2731 281 2798 de
299 2743 520 2821 temperatura
539 2730 623 2798 acris
646 2752 804 2819 quaerere
828 2730 951 2818 soleat,
978 2730 1092 2798 mirari
1114 2749 1183 2796 non
1204 2726 1379 2809 debemus,
1402 2727 1537 2795 tandem
1569 2728 1804 2820 cogitationem

239 2888 374 2956 subiisse
396 2889 468 2979 ejus
494 2901 639 2957 mentem
666 2890 857 2980 inquirendi
883 2892 926 2960 de
954 2891 1104 2976 actione,
1133 2912 1234 2979 quam
1266 2887 1505 2956 vicissitudines
1529 2888 1629 2979 hujus
1664 2889 1746 2959 aeris
1769 2890 1805 2958 in

240 3047 369 3132 solum,
398 3048 489 3137 quod
507 3047 688 3129 inhabitet,
708 3064 889 3119 exerceant
937 3051 1172 3142 Experimenta
1193 3048 1315 3117 idcirco
1336 3046 1485 3114 institute
1511 3046 1668 3135 suerunt,
1693 3061 1731 3116 ut
1749 3049 1804 3117 iu·

240 3207 424 3289 veniretur,
448 3228 619 3294 quousque
642 3210 690 3274 vis
710 3209 926 3275 variationum
946 3209 1137 3274 diurnarum
1157 3220 1396 3297 temperaturae
1421 3206 1565 3296 conspici
1583 3221 1701 3296 posset.
1727 3210 1798 3279 viri

240 3363 327 3433 docti
359 3363 447 3430 hanc
466 3385 538 3431 rem
562 3364 743 3432 accuratius
764 3365 986 3458 indagandam
1012 3362 1226 3450 censuerunt,
1256 3364 1450 3452 variumque
1474 3379 1627 3433 eventum
1650 3367 1805 3436 obtinue-

241 3537 328 3591 runt
374 3528 440 3593 llec
471 3523 605 3591 mirum.
632 3524 757 3593 Pendet
782 3524 873 3593 enim
899 3523 1076 3615 praecipue
1098 3522 1181 3591 hacc
1202 3522 1287 3591 actio
1310 3545 1329 3589 a
1355 3523 1440 3609 solo,
1466 3524 1558 3614 quod
1578 3525 1802 3618 investigetur.

239 3684 336 3768 Quod
366 3682 502 3771 quidem
526 3684 554 3750 si
579 3696 704 3752 constet
734 3708 774 3752 cx
804 3707 901 3753 arena
929 3684 1059 3775 aliaque
1090 3685 1227 3753 mat'erie
1259 3708 1328 3753 non
1353 3696 1442 3753 arcte
1467 3685 1683 3771 cohaerente,
1720 3689 1804 3756 aeris

240 3843 436 3911 variationes
463 3841 569 3911 multo
595 3842 692 3909 citius
718 3853 752 3910 et
775 3841 893 3910 melius
917 3844 953 3910 in
974 3843 1010 3909 id
1031 3843 1270 3934 penetrabunt,
1297 3843 1448 3933 inprimis
1467 3856 1600 3933 propter
1621 3843 1803 3912 faciliorem

242 4004 367 4072 editum
393 4025 498 4092 aquae
531 4001 683 4093 pluvialis
712 4015 745 4070 et
774 4002 907 4089 nivalis,
936 4025 1036 4094 quam
1063 4001 1099 4070 in
1126 4024 1240 4069 saxum
1261 4000 1414 4070 solidum.
1460 3999 1544 4069 lnde
1566 4001 1650 4070 forte
1677 4001 1802 4070 factum

242 4175 308 4246 est,
332 4177 370 4231 ut
390 4186 494 4253 quum
526 4186 689 4230 nuncrrus
714 4162 760 4253 (1)
788 4162 877 4231 dicat
904 4116 1100 4231 venationes
1119 4162 1254 4230 diurnas
1275 4160 1438 4253 attingere
1460 4160 1719 4250 profunditatem
1747 4168 1801 4246 0,o

243 4321 360 4405 metri,
394 4334 428 4390 et
457 4321 500 4389 ad
523 4322 712 4430 distantiam
744 4321 842 4390 unius
869 4323 965 4391 metri
996 4346 1014 4389 a
1041 4322 1214 4416 superficie
1234 4321 1294 4389 soli
1317 4343 1385 4390 non
1409 4321 1549 4411 amplius
1575 4320 1757 4405 observari,
1784 4344 1803 4389 e

242 4494 354 4549 contra
380 4503 568 4549 sousmrns
588 4482 632 4573 (2)
652 4484 772 4551 harum
793 4480 1010 4551 variationum
1029 4481 1154 4550 limites
1176 4481 1212 4548 in
1231 4478 1446 4549 altitudines
1470 4493 1650 4550 metrorum
1673 4494 1802 4557 statuat.

405 4667 531 4675 ——--—--
545 4670 563 4675 .-

311 4760 348 4829 (l)
384 4762 495 4814 Gcbler's
513 4766 617 4831 Ptystt.
641 4765 807 4816 Wdrterbuclt
826 4768 907 4834 111.p
934 4768 994 4819 088.

310 4877 348 4947 (2)
385 4880 489 4933 Ferme?
506 4880 609 4930 Tlrdon'e
629 4881 659 4931 ds
676 4884 701 4930 lo
718 4883 821 4933 clolano·
829 4880 901 4949 pls.
925 4884 956 4934 V.
