4440 6060
1092 584 1131 649 ld

384 752 388 757 Ι
414 786 666 874 Temperaturae
692 790 770 852 12⁰5
794 796 828 852 et
849 790 921 870 14⁰,
951 785 987 851 in
1013 756 1245 850 altitudinibus
1267 789 1331 851 220
1353 797 1388 852 et
1410 789 1474 853 260
1497 798 1696 869 metrorum,
1723 789 1759 857 in
1781 789 1894 859 fodina
1991 785 1995 791 ’

325 943 603 1036 Besehertglrtek,
631 944 816 1012 observatae
845 957 922 1010 sunt
948 942 984 1009 in
1009 943 1103 1031 aquis
1124 966 1164 1010 ex
1185 966 1260 1012 saxo
1290 967 1410 1034 magna
1439 944 1472 1011 vi
1494 945 1749 1034 prosilientibus.
1809 954 1896 1019 naec

324 1103 371 1169 ris
406 1103 552 1170 ostendit
582 1124 682 1191 aquas
710 1124 869 1192 magnum
897 1113 1084 1170 contactum
1118 1103 1273 1172 habuisse
1305 1128 1380 1172 oum
1412 1103 1592 1193 parietibus
1625 1107 1808 1192 canalium,
1836 1130 1895 1198 per

324 1283 407 1350 quos
436 1262 643 1346 affluxerant,
678 1262 768 1328 unde
798 1260 897 1329 facile
927 1262 1047 1329 horum
1077 1275 1335 1353 temperaturam
1364 1283 1528 1329 assumere
1555 1264 1747 1352 potuissent.
1810 1268 1895 1334 Haec

324 1432 542 1510 temperatura
571 1419 638 1486 fuit
665 1420 781 1488 eadem
808 1419 976 1487 mensibus
1004 1420 1158 1488 Ianuario
1181 1432 1215 1487 et
1233 1419 1328 1509 trajo.
1374 1422 1484 1504 Quum
1503 1434 1616 1489 tamen
1638 1444 1677 1489 ex
1697 1422 1777 1490 loeis
1797 1447 1895 1514 supe-

323 1579 463 1648 rioribus
470 1630 480 1661 ,
513 1579 620 1646 idest
648 1578 893 1670 frigidioribus,
925 1579 1102 1647 affluxisset
1127 1601 1232 1668 aqua,
1258 1576 1430 1668 probabile
1456 1590 1505 1646 est
1530 1579 1629 1646 etiam
1661 1581 1784 1651 ideirco
1805 1605 1894 1652 non-

322 1738 407 1805 nihil
440 1737 629 1829 frigefactos
660 1761 729 1806 esse
758 1739 917 1828 parietes:
951 1762 1056 1829 aquae
1086 1761 1165 1830 ergo
1196 1737 1358 1805 minorem
1379 1750 1634 1827 temperaturam
1658 1740 1894 1826 ostenderunt,

322 1918 424 1985 quam
446 1897 636 1967 conveniret
658 1898 748 1985 loeo,
771 1899 830 1968 ubi
851 1899 1091 1969 observationes
1109 1897 1213 1965 factae
1234 1910 1321 1965 sunt.
1370 1897 1467 1981 Quod
1487 1894 1586 1965 etiam
1610 1897 1717 1987 patuit
1738 1921 1777 1965 ex
1799 1899 1894 1987 aquis

310 2015 569 2147 'sugnantrbum
593 2079 677 2146 quae
700 2059 734 2124 in
759 2059 929 2144 ounioulo,
954 2059 989 2125 in
1013 2059 1190 2128 altitudine
1208 2065 1273 2129 260
1292 2071 1472 2128 metrorum
1492 2057 1574 2143 aito,
1596 2059 1810 2129 ostenderunt
1826 2064 1891 2124 15⁰.

410 2219 544 2284 Summa
567 2217 832 2287 observationum
854 2219 917 2288 hac
938 2221 1069 2311 synopsi
1095 2221 1137 2287 ab
1159 2241 1350 2288 ausmssouo
1372 2219 1564 2310 oonsiguata
1583 2232 1647 2304 est3

560 2478 701 2518 AHHWO

519 2581 745 2621 vnautcauta

998 2511 1485 2554 HOHIUAFODIKARUffl

550 2683 710 2723 rurunsonr
810 2689 960 2729 assensur-
1051 2692 1203 2731 nannet·
1326 2673 1405 2731 xiia·
1574 2693 1646 2733 rouo

534 2786 726 2826 sormrrcrarr.
834 2773 939 2830 oniiox.
1074 2795 1177 2834 aaran.
1297 2795 1432 2835 seniora.
1524 2795 1693 2836 nummu.

591 2995 627 3026 me
651 2993 672 3026 8·
1113 3008 1118 3013 ·

1096 3142 1109 3168 0
1339 3145 1352 3173 ο
1581 3139 1594 3166 0

1596 3289 1609 3316 0
