4440 6060
1230 484 1253 526 l

1099 632 1140 697 et

332 845 421 906 meta
438 855 559 926 aquae,
577 830 644 904 uno
663 844 903 926 temperaturae
925 832 1043 925 pedu.
1090 835 1184 903 Petet
1199 831 1333 924 insuper
1353 854 1394 901 ex
1416 828 1648 922 experimentis
1666 829 1810 900 virorum
1826 829 1904 899 doe·

333 1007 441 1065 torum
461 1019 501 1063 ur
524 1018 565 1062 na
585 1012 694 1064 noem
714 1006 750 1064 et
770 1000 898 1064 etune
920 994 967 1087 (1)
991 993 1112 1064 calores
1136 990 1284 1084 speeifiei
1308 1011 1413 1083 aquae
1431 1005 1467 1062 et
1486 991 1571 1062 adria
1589 1012 1658 1060 esee
1676 989 1714 1059 in
1741 990 1868 1060 ratione

896 1179 897 1182 κ
964 1159 1102 1239 t,oooo:
1127 1156 1259 1238 opooe.

418 1313 454 1384 Si
462 1315 534 1405 jem
549 1335 624 1384 tero
642 1313 785 1383 menius
804 1312 1007 1400 instituetur,
1026 1312 1063 1381 in
1084 1331 1152 1403 quo
1174 1310 1305 1403 pondus
1325 1307 1517 1402 speeifionm
1537 1308 1622 1378 r‘eris
1635 1309 1789 1398 hebetare,
1803 1312 1901 1401 quale

330 1487 380 1543 est
398 1494 460 1566 pro
484 1487 704 1567 temperatura
729 1480 802 1563 120,
824 1474 1011 1547 invenietur
1031 1471 1217 1566 operarium
1238 1471 1390 1543 emittere
1410 1489 1610 1561 unaqueque
1630 1469 1712 1538 hora
1734 1469 1895 1556 eaiorem,

331 1655 398 1724 quo
425 1631 600 1726 indigeant
636 1641 702 1704 542
729 1646 835 1704 metra
860 1634 977 1705 oubiea
1002 1632 1105 1720 adria,
1135 1643 1175 1702 ut
1199 1653 1267 1703 uno
1290 1631 1397 1724 gredo
1424 1642 1668 1725 temperaturae
1698 1644 1896 1724 augeantur.

332 1794 449 1884 Liquet
467 1815 506 1862 ex
527 1795 592 1867 boo
613 1794 785 1866 ratiocinio
807 1795 1024 1888 praesentiam
1047 1793 1270 1886 operariorum
1291 1814 1447 1886 maguam
1466 1792 1555 1874 vim,
1580 1792 1616 1860 in
1640 1803 1901 1884 temperaturam

331 1952 415 2021 aeria
433 1953 663 2026 anniculorum
683 1974 849 2026 exmoere:
869 1953 1021 2047 inprimis
1039 1954 1067 2023 ai
1091 1952 1299 2023 attendamus
1319 1953 1362 2021 ad
1380 1973 1541 2045 magnum
1559 1951 1693 2023 illorum
1719 1974 1896 2022 numerum

331 2131 428 2202 saepe
449 2111 487 2181 in
507 2111 631 2184 fodinis
652 2116 798 2187 obvium.
845 2116 951 2208 liujus
971 2114 1021 2186 rei
1043 2113 1277 2184 documentum
1298 2113 1435 2203 praebet
1454 2133 1593 2203 sequens
1614 2110 1746 2197 tabella,
1769 2129 1833 2203 qua
1847 2112 1900 2180 in-

333 2266 484 2339 dicantur
505 2273 667 2363 operarii,
692 2275 842 2365 quotidie
864 2275 901 2343 in
922 2273 1045 2344 fodinis
1065 2272 1237 2344 nonnullis
1260 2271 1553 2366 Corisopitensibos
1572 2271 1619 2363 (2)
1641 2269 1810 2363 degentea.

704 2438 742 2498 Iu
762 2433 867 2498 fedius
886 2437 973 2498 lael
995 2437 1157 2515 Neptune.
1178 2478 1219 2499 „,
1242 2478 1251 2498 .
1276 2432 1521 2518 .1200penrii.

808 2611 825 2645 a
887 2589 1034 2651 Betatlet
1056 2628 1289 2651 ........
1310 2585 1370 2650 150
1452 2607 1471 2643 ι

707 2761 725 2797 a
806 2761 824 2799 a
886 2742 984 2803 Ltttte
1001 2740 1142 2821 tuem]
1150 2781 1288 2802 .....
1328 2738 1369 2802 25
1451 2759 1469 2795 ⁸

417 3527 451 3595 si
466 3529 539 3618 jam
559 3550 635 3598 vero
656 3528 790 3620 insuper
809 3529 992 3601 indicatum
1006 3530 1284 3623 trinetapatiem,
1304 3541 1415 3605 adrem
1435 3536 1619 3626 eontinena,
1642 3540 1897 3634 uniuscujusque

328 3687 446 3754 harum
467 3684 674 3776 fodinarum,
694 3691 857 3761 mlortlum
876 3691 1047 3761 instituere
1063 3713 1251 3783 possemus,
1274 3703 1314 3761 ut
1342 3693 1546 3766 inveniretur
1570 3696 1811 3769 incrementum
1834 3725 1897 3771 ea-

326 3842 426 3932 loris,
450 3847 540 3936 quod
561 3850 745 3938 praesentia
768 3850 901 3963 illorum
919 3850 1096 3921 hominum
1123 3851 1262 3945 gignere
1289 3851 1477 3943 debuisset,
1501 3857 1530 3926 si
1546 3857 1614 3930 sola
1641 3859 1677 3927 in
1699 3861 1784 3929 adria
1803 3873 1895 3932 tem-

325 4016 511 4093 peraturam
532 4020 656 4099 egeret.
701 4012 770 4079 Hoc
795 4011 900 4102 apatio
926 4023 1038 4080 autam
1061 4031 1130 4081 non
1156 4010 1322 4100 indioeto,
1353 4013 1496 4086 mloulua
1519 4014 1581 4088 iate
1605 4017 1733 4088 institui
1763 4022 1892 4113 nequit.

324 4162 364 4228 ln
390 4182 513 4252 genere
535 4175 647 4234 tamen
669 4179 781 4236 tamen
803 4179 944 4240 statuere
968 4189 1158 4262 possumus,
1188 4170 1257 4243 sim
1285 4173 1386 4266 hujus
1409 4175 1637 4268 operariorum
1664 4179 1890 4270 praesentiae,

324 4319 460 4389 omnino
478 4320 570 4388 haud
590 4321 626 4391 in
645 4323 770 4396 ealouto
788 4326 1024 4421 negligendam
1043 4350 1123 4399 esse.

406 4476 515 4546 Altera
543 4501 637 4548 eausa
655 4483 795 4567 ealoais,
825 4487 991 4580 adquam
1022 4489 1183 4582 reepioere
1197 4489 1386 4580 debentes,
1412 4492 1449 4562 in
1479 4491 1679 4567 definiendia
1700 4494 1889 4568 fodinerum

390 4759 428 4831 (ι)
462 4763 575 4813 rusus
590 4761 674 4815 aue
692 4764 722 4813 aa
737 4765 816 4831 atys.
833 4765 854 4816 1.
869 4782 894 4833 p.
913 4766 974 4816 soa.

387 4871 426 4944 (a)
462 4877 581 4930 essem
598 4881 663 4930 sae
680 4877 779 4931 mu.
