4440 6060
1101 618 1142 681 83

341 814 447 899 felici,
472 821 510 882 ut
530 814 689 897 vidimus,
706 829 836 886 eventu.
860 817 984 887 liudem
1006 829 1119 885 tamen
1140 838 1253 904 causa,
1270 840 1442 907 quaecum
1457 818 1521 887 alio
1543 783 1596 887 uti
1612 830 1770 909 apparatu
1785 820 1904 910 coegit,

342 974 450 1043 totiru‘
470 974 702 1046 observationis
729 977 910 1048 feliciorem
942 977 1062 1070 genuit
1081 984 1275 1046 succentum.
1321 977 1452 1047 Limum
1477 978 1648 1071 significo,
1673 999 1741 1068 quo
1761 1000 1846 1068 aqua
1870 978 1906 1046 iu

340 1146 440 1224 puteo
473 1147 506 1204 et
538 1158 642 1228 prope
661 1137 838 1229 Rupellum
866 1150 901 1207 et
914 1173 916 1177 <
930 1160 1032 1229 prope
1052 1139 1236 1224 Generam,
1265 1136 1396 1205 turbata
1420 1148 1505 1222 erat,
1528 1138 1642 1228 etqui
1662 1151 1789 1207 meauu
1809 1137 1845 1204 iu
1865 1158 1903 1210 ott

339 1293 547 1384 prohibebat.
592 1300 634 1366 In
664 1310 765 1389 puteo
793 1309 902 1366 autem
931 1319 1034 1389 prope
1059 1297 1163 1383 beist,
1193 1297 1277 1367 illud
1300 1320 1369 1366 non
1397 1295 1544 1366 obtinuit
1551 1322 1561 1381 3
1585 1295 1622 1364 in
1646 1299 1717 1387 ejus
1738 1319 1824 1388 equa
1846 1320 1905 1388 pro

339 1462 461 1547 magna
475 1467 569 1548 parte
582 1479 622 1526 cx
643 1444 742 1526 arena
761 1458 964 1549 prodeunte,
983 1469 1108 1526 meatus
1123 1457 1206 1526 limo
1221 1478 1287 1527 non
1308 1454 1585 1547 impediebantur.
1634 1458 1803 1525 Praeterea
1818 1455 1906 1526 funis

339 1629 372 1682 et
396 1616 544 1702 terebra,
565 1628 726 1708 perpetuo
751 1639 880 1686 sursum
903 1628 938 1685 et
957 1615 1110 1686 deorsum
1132 1616 1235 1699 muti,
1256 1617 1411 1687 favebant
1431 1614 1627 1706 aequilibrio
1647 1627 1903 1705 temperaturae,

219 1855 223 1862 γ
338 1774 507 1846 miscendo
529 1798 630 1866 aquae
652 1775 762 1847 variae
782 1776 977 1872 altitudinis.
1023 1777 1134 1848 llira'ri
1158 1801 1237 1870 ergo
1256 1799 1325 1848 nou
1351 1776 1510 1847 debemur
1540 1773 1714 1866 indigenas
1746 1773 1903 1844 observu-

336 1935 459 2017 tionca,
478 1936 609 2007 nullum
630 1937 776 2007 notabile
801 1937 915 2009 calorii
937 1939 1178 2010 incrementum
1199 1939 1369 2009 indicatae.

336 2149 339 2155 ,
423 2095 484 2166 vir
505 2097 546 2165 cl.
571 2103 657 2167 nour.
678 2097 822 2167 instituit
835 2099 960 2190 primae
975 2099 1212 2170 observationes
1231 2098 1325 2168 (113
1349 2120 1394 2166 m.
1410 2096 1615 2182 occcmbru,
1634 2119 1665 2165 a.
1685 2100 1782 2169 taut.
1807 2099 1904 2166 Tem·

335 2266 488 2343 peratura
507 2256 591 2325 aeris
610 2256 735 2326 externi
756 2269 886 2326 erat-
906 2264 1004 2345 0‚66:
1024 2282 1128 2350 aquae
1148 2282 1225 2329 vero
1245 2257 1282 2326 in
1299 2271 1401 2350 puteo
1419 2268 1458 2330 -t-
1477 2264 1559 2342 9⁰,l.

420 2415 481 2484 llie
503 2423 540 2486 ³⁰
557 2437 604 2484 m.
627 2416 718 2486 lunii
738 2440 769 2486 a.
795 2424 896 2504 1816,
920 2419 1196 2490 thermometrum
1216 2416 1376 2486 indicavit
1393 2417 1428 2483 in
1444 2427 1521 2486 aere
1533 2421 1633 2500 28063
1657 2416 1694 2488 in
1714 2413 1819 2485 tundo
1843 2438 1903 2506 pu·

331 2583 378 2645 tei
400 2582 468 2647 10⁰.

422 2736 482 2805 Die
505 2741 560 2806 te>
579 2760 626 2807 m.
648 2736 739 2806 tunii
760 2737 907 2829 ejusdem
931 2738 1029 2823 unni,
1050 2742 1273 2830 temperatura
1291 2739 1375 2808 aeris
1399 2748 1470 2805 erat
1493 2741 1611 2808 18⁰3.st
1631 2758 1717 2827 aqua
1740 2736 1776 2806 in
1796 2734 1901 2843 fondo

332 2905 423 2986 putei
443 2893 612 2965 indicabat
631 2921 740 2966 rursus
763 2905 829 2967 10⁰.

420 3056 597 3146 Inquisivit
617 3056 718 3125 etiam
741 3057 790 3124 vir
811 3057 852 3124 cl.
880 3079 966 3124 nonu
990 3081 1072 3125 num
1094 3080 1199 3147 aqua,
1223 3060 1339 3128 eadem
1357 3057 1505 3149 praedita
1531 3067 1615 3125 eeaet
1633 3066 1850 3147 temperatura
1865 3055 1900 3124 iu

331 3211 437 3282 lirndo
456 3220 567 3304 putei,
591 3234 656 3302 qna
678 3233 781 3302 prope
802 3214 873 3302 ejus
894 3211 1120 3303 superficiem,
1141 3225 1240 3307 atque
1262 3229 1448 3285 constanter
1469 3215 1689 3286 invenit10⁰:
1713 3238 1799 3305 quae
1814 3226 1900 3285 t'ern·

328 3382 480 3462 peratura
502 3371 594 3441 haud
614 3372 710 3442 valde
726 3371 893 3443 dissimilia
912 3384 978 3458 est,
1001 3387 1262 3464 temperaturae,
1283 3376 1319 3443 in
1339 3374 1505 3467 peritque
1527 3374 1614 3445 alliia
1637 3374 1744 3466 ymteie
1764 3375 1799 3443 in
1821 3377 1900 3443 Pro-

329 3528 437 3599 vincia
459 3531 799 3622 Rheno-Trajectinu,
822 3531 1018 3603 observatae.
1112 3598 1114 3602 .
1419 3478 1428 3492 ·

419 3693 653 3781 temperatura
684 3714 789 3781 aquae
813 3692 959 3783 ejusdem
983 3701 1076 3785 putei
1106 3695 1207 3764 etiarn
1235 3707 1335 3765 antea
1355 3694 1518 3786 indagata·
1537 3692 1665 3775 flerat,
1686 3715 1706 3777 a
1729 3692 1897 3764 munuttir

326 3850 404 3917 viris
440 3849 561 3937 doctis,
595 3849 747 3941 inprimis
782 3875 800 3918 a
839 3851 916 3920 viria
955 3852 1138 3921 clarissimis
1168 3878 1231 3921 vutv
1268 3877 1346 3921 urus
1380 3866 1413 3922 et
1452 3878 1493 3920 ur
1522 3875 1671 3920 rurum
1703 3864 1738 3920 et
1769 3853 1894 3921 doctis-

327 4012 418 4079 simis
444 4035 478 4078 u.
515 4035 582 4079 ver
612 4036 695 4079 aru
733 4025 767 4081 et
791 4038 824 4081 1.
850 4039 875 4081 s.
905 4038 999 4081 nura.
1046 4014 1087 4081 lli
1119 4013 1254 4104 quidem
1282 4012 1394 4098 veriti,
1424 4033 1467 4080 ne
1489 4009 1572 4100 quid
1594 4010 1709 4081 caloris
1730 4010 1897 4080 amitteret
2031 4052 2034 4057 ·

326 4169 618 4257 thermcmetrum,
643 4185 807 4262 tempore,
831 4172 921 4261 quod
942 4172 1164 4264 requireretur
1185 4174 1230 4239 ad
1250 4170 1333 4239 illud
1356 4169 1595 4240 extrahendum
1614 4193 1633 4238 e
1653 4170 1758 4241 fundo
1783 4178 1893 4260 putet,

326 4327 410 4395 illud
441 4351 508 4399 non
530 4329 612 4399 tubo
635 4353 756 4422 cupreo
780 4332 1002 4418 incluserunt,
1034 4331 1091 4401 sed
1113 4331 1264 4424 cylindro
1287 4330 1415 4423 ligneo,
1441 4352 1540 4419 quem
1564 4330 1698 4419 pulvere
1722 4329 1892 4412 carbonis,

326 4486 451 4578 quippe
473 4487 612 4557 calorem
627 4489 713 4558 male
732 4490 951 4578 conducente,
968 4491 1201 4583 implevissent.
1233 4496 1328 4559 Hunc
1347 4488 1534 4582 cylindrum
1550 4487 1684 4578 insuper
1701 4489 1893 4558 obleverunt

323 4645 413 4734 oleo,
437 4669 510 4716 cera
531 4661 567 4718 et
582 4649 706 4732 resina,
728 4633 826 4741 eique
846 4651 986 4721 alterum
1005 4652 1209 4745 cylindrum,
1233 4674 1251 4719 e
1273 4649 1360 4720 ferro
1380 4638 1498 4718 stanno
1522 4647 1664 4717 obducto
1687 4648 1889 4749 confectum,

321 4802 618 4877 circumdederunt.

1633 4971 1710 5035 11*
