4440 6060
339 803 483 895 praediti
508 804 585 888 sint3
611 804 694 871 haec
715 803 806 872 enim
821 805 987 893 pendeta
1012 803 1190 871 latitudine
1213 805 1287 875 loci.
1333 806 1481 876 Diximus
1505 810 1630 896 etiam,
1654 812 1716 882 hos
1736 815 1821 883 locos
1842 837 1908 885 non

340 989 444 1055 aeque
479 963 648 1033 distare'a
673 963 731 1032 soli
757 963 943 1053 superficic;
973 962 1057 1031 illud
1078 963 1201 1054 pendet
1234 965 1276 1031 ab
1309 965 1423 1033 eadem
1446 975 1552 1034 causa
1597 973 1671 1054 Quo
1691 973 1796 1062 major
1820 974 1909 1042 enim

338 1124 480 1193 latitudo
514 1146 554 1193 eo
582 1126 825 1219 majores0sunt
848 1123 1083 1214 amplitudines
1111 1123 1327 1193 variationum
1347 1135 1604 1216 temperaturae:
1629 1141 1663 1196 et
1684 1150 1750 1218 quo
1764 1132 1908 1221 majores

338 1283 400 1350 hae
430 1283 588 1367 evadant,
617 1304 656 1352 eo
677 1281 875 1373 profundius
898 1282 1092 1353 variationes
1117 1283 1152 1351 in
1177 1284 1303 1352 telluris
1324 1286 1532 1377 superficiem
1551 1298 1725 1378 penetrare
1744 1286 1908 1360 ridentur.

337 1446 579 1510 Bonssmeannr
601 1442 646 1531 (l)
667 1442 811 1510 affirmat
833 1442 870 1510 in
893 1442 1085 1534 regionibus
1106 1442 1239 1533 tropicis
1256 1444 1326 1533 jam
1348 1457 1551 1514 constantem
1571 1459 1826 1537 temperaturam
1851 1448 1906 1519 in·

335 1601 455 1688 veniri,
478 1602 515 1669 in
532 1600 710 1670 altitudine
729 1602 828 1670 unius
847 1602 961 1692 podis,
981 1602 1068 1670 infra
1090 1603 1150 1673 soli
1175 1603 1402 1693 superficiem
1423 1618 1534 1674 contra
1558 1606 1594 1674 in
1613 1607 1806 1697 regionibus
1829 1631 1909 1676 nos·

336 1760 392 1826 tris
414 1761 484 1828 fere
507 1761 677 1849 usquead
699 1767 742 1830 30
759 1775 870 1829 metra
892 1774 1064 1852 penetrare
1087 1762 1256 1831 debemus.

422 1925 544 1990 Omnes
566 1921 603 1988 hi
622 1921 687 1990 loci
708 1922 914 1991 constituunt
931 1933 1074 1991 stratam
1088 1928 1270 1991 constantia
1291 1933 1554 2015 temperaturae,
1577 1922 1668 2010 quod
1687 1922 1772 1990 Galli
1788 1938 1904 1992 vocant

327 2086 445 2152 saache
475 2085 672 2151 attoariable.
724 2086 864 2151 Basanon
890 2084 938 2175 (2)
970 2084 1067 2170 dicit,
1100 2106 1214 2154 omnes
1238 2083 1300 2152 hos
1324 2084 1411 2153 locos
1433 2104 1630 2173 componere
1654 2081 1903 2172 sphaem‘tdem‚

330 2265 415 2331 quae
436 2243 552 2328 distat,
577 2245 638 2311 sub
660 2255 852 2332 aequatore,
875 2266 942 2312 uuo
963 2246 1047 2335 pede
1066 2269 1085 2311 a
1106 2245 1299 2336 superficie,
1323 2245 1381 2312 sed
1404 2266 1463 2335 pro
1487 2244 1611 2334 majore
1634 2242 1831 2328 latitudine,
1854 2244 1906 2311 al·

331 2404 394 2471 tius
424 2404 460 2470 in
490 2416 610 2473 terram
640 2416 808 2495 penetrat,
839 2428 926 2495 quae
957 2429 1036 2497 ergo
1064 2406 1173 2497 magis
1200 2406 1350 2495 depressa
1374 2416 1424 2471 est
1447 2425 1550 2492 prope
1573 2404 1665 2492 polos
1685 2426 1785 2491 quam
1807 2401 1904 2470 tellus

329 2576 448 2630 nostra.
494 2567 649 2633 Attamen
672 2567 784 2657 potius
805 2567 994 2636 assentirem
1015 2589 1191 2633 romuaaro
1212 2563 1259 2654 (3)
1281 2561 1425 2643 dicenti,
1448 2574 1585 2630 stratum
1607 2561 1784 2630 constantis
1808 2574 1900 2628 tem-

329 2734 518 2810 peraturae,
540 2745 608 2789 non
629 2725 824 2812 regulariter
847 2745 983 2792 currum
1006 2747 1091 2807 esse,
1114 2723 1172 2790 sed
1195 2721 1309 2789 multis
1332 2721 1470 2789 sinubus
1492 2721 1717 2810 conspicuum.

419 2880 528 2970 ldagni
549 2879 696 2970 profecto
715 2881 801 2948 foret
821 2880 937 2971 pretii,
961 2892 1111 2948 accurate
1133 2880 1274 2948 delinire
1296 2886 1366 2970 pro'
1383 2902 1591 2970 quacumque
1609 2879 1747 2969 regione
1777 2878 1901 2946 distan-

327 3040 407 3108 tiam
429 3063 447 3106 a
470 3018 645 3131 superficie
669 3052 701 3107 et
722 3051 979 3129 temperaturam
1000 3038 1101 3130 hujus
1119 3039 1225 3106 susti.

414 3204 599 3285 Caeterum,
618 3222 722 3289 quum
743 3199 843 3290 hujus
872 3199 964 3267 strati
988 3212 1207 3290 temperatura
1235 3221 1333 3290 saepe
1352 3220 1411 3290 pro
1426 3200 1538 3269 media
1558 3199 1704 3289 regionis
1720 3198 1897 3283 habeatur,

324 3359 528 3429 monendum
548 3359 605 3426 hlc
630 3369 694 3443 cst,
716 3371 971 3447 temperaturam
997 3358 1142 3426 mediam
1168 3360 1270 3445 aeris,
1291 3360 1328 3427 in
1350 3357 1516 3449 plerisque
1540 3357 1620 3425 locis
1640 3379 1658 3421 a
1678 3367 1897 3444 temperatura

324 3515 416 3583 strati
441 3516 547 3601 illius,
570 3516 731 3584 diversam
751 3539 832 3585 esse.
879 3520 930 3584 Ita
949 3541 980 3587 e.
1000 3541 1035 3609 g.
1058 3532 1276 3609 temperatura
1294 3516 1404 3585 medis
1426 3513 1509 3583 aeris
1523 3512 1671 3583 Lutetiae
1687 3512 1894 3599 Parisiorum,

324 3676 490 3744 invenitur
513 3682 601 3745 10⁰6.
651 3674 813 3743 Gellarum
835 3677 1056 3749 Observatorii
1080 3684 1199 3747 11083:
1221 3691 1321 3767 atque
1340 3676 1430 3744 idem
1446 3673 1730 3744 inaenitarrcnras
1746 3674 1895 3765 (utinlra

322 3835 538 3925 videbimus),
561 3835 744 3905 secundum
764 3857 865 3925 quem
886 3849 1105 3929 temperatura
1128 3837 1239 3908 media
1263 3859 1372 3906 annua
1394 3834 1476 3903 seris
1498 3834 1535 3902 in
1554 3831 1723 3901 montibus
1738 3829 1896 3898 Saxoniae

323 4009 371 4066 est
392 4001 490 4079 9⁰273
513 3993 573 4062 soli
595 4017 672 4063 vero
698 4001 809 4063 10022.

412 4153 563 4226 Vidimus
596 4152 641 4218 ita
671 4152 838 4241 duplicem
868 4157 1031 4226 actionem
1060 4158 1229 4228 radiorum
1258 4155 1414 4225 solarium
1440 4153 1477 4221 in
1509 4148 1634 4220 telluris
1661 4146 1891 4239 superficiem

321 4336 421 4381 unam
453 4334 634 4406 perennem
669 4324 703 4382 et
731 4311 994 4400 immutabilem,
1027 4341 1047 4386 e
1074 4340 1140 4407 qua
1166 4327 1387 4407 temperatura
1411 4310 1502 4381 amati
1527 4305 1703 4380 mactantis
1727 4305 1891 4396 originem

321 4481 376 4488 ...ψ
382 4483 473 4490 -.,.....,
493 4484 510 4489 -
527 4480 686 4489 “—

388 4573 426 4642 (1)
461 4571 623 4640 Poppaadorf
640 4576 704 4624 Ass.
722 4571 811 4620 XXXV.
830 4587 884 4636 pag.
901 4574 960 4623 200.

389 4687 426 4755 (Β)
460 4687 523 4738 lbid.
540 4705 594 4756 pag.
609 4691 671 4739 816.

388 4803 424 4873 (s)
459 4789 541 4853 tum.
562 4806 591 4852 aa
610 4806 688 4872 says.
707 4804 748 4853 rv.
767 4819 821 4871 pag.
838 4805 897 4854 aa.
