4440 6060
1109 586 1129 646 0

420 786 505 853 Talis
538 785 651 852 fissura
684 784 806 852 dicitur
826 808 907 851 uena
930 807 948 850 a
972 806 1117 851 arcuato
1139 807 1323 869 acnrcona,
1347 808 1367 853 e
1390 784 1482 874 cujus
1504 805 1603 874 opere
1625 787 1666 852 de
1691 787 1741 853 Re
1767 788 1900 854 Metal-

331 951 402 1014 liea
431 946 603 1037 plerasque
638 944 920 1013 denominationes
943 943 1127 1051 technicas,
1152 945 1208 1011 hlc
1229 945 1357 1032 obrias,
1382 946 1536 1014 desumsi.
1583 945 1679 1014 Varia
1701 946 1900 1042 directione,

329 1127 424 1195 saepe
457 1105 531 1195 plus
563 1105 712 1174 minusve
744 1104 909 1191 verticuli,
942 1105 1023 1173 sitae
1045 1116 1122 1172 sunt
1142 1103 1207 1171 hae
1229 1127 1350 1190 renae;
1373 1127 1412 1172 ex
1435 1104 1475 1170 iis
1498 1127 1709 1194 expromere,
1733 1107 1901 1195 quidquid

328 1265 371 1331 ad
402 1277 574 1353 quaestum
608 1264 690 1333 utile
722 1266 934 1349 contineant,
963 1264 1168 1356 propositum
1203 1278 1252 1332 est
1287 1287 1419 1349 eorum,
1458 1263 1518 1351 qui
1551 1262 1680 1332 fodinas
1714 1266 1896 1355 explorant.

329 1423 472 1494 Fodiunt
506 1424 627 1494 idcirco
660 1428 843 1517 complures
866 1429 1032 1493 cunimrlos
1054 1423 1292 1509 horizontales,
1315 1424 1373 1513 qui
1395 1446 1490 1512 saepe
1514 1422 1549 1489 in
1572 1422 1668 1492 initio
1691 1437 1819 1493 tantum
1845 1433 1899 1511 o‚7

329 1583 425 1650 metri
458 1596 551 1674 parte
581 1585 640 1652 lati
674 1598 707 1652 et
737 1592 757 1652 2
787 1585 902 1652 metris
935 1585 993 1652 alti
1025 1597 1123 1670 sunt,
1152 1584 1210 1652 sed
1237 1583 1346 1675 prouti
1374 1607 1425 1651 res
1446 1583 1608 1674 postulat,
1633 1596 1744 1675 postea
1770 1584 1901 1654 latiores

327 1741 425 1809 liunt.
473 1748 538 1812 Hos
561 1767 675 1813 omnes
698 1744 866 1814 cuniculos
889 1745 1004 1813 transit
1018 1755 1160 1837 putata,
1184 1744 1243 1834 qui
1268 1741 1464 1812 verticaliter
1486 1740 1630 1825 foditur,
1654 1699 1693 1812 εἰΙ
1717 1767 1777 1834 per
1801 1767 1900 1834 quem

326 1902 485 1970 materiae
508 1903 642 1973 effossae
666 1929 774 1973 versus
799 1905 859 1973 soli
884 1905 1090 1997 superficiem
1116 1905 1288 1974 tolluntur.
1335 1906 1532 1994 Separantur
1559 1903 1704 1970 cuniculi
1728 1904 1833 1994 spatio
1857 1911 1899 1972 20

327 2062 376 2130 vel
413 2068 456 2130 00
491 2077 691 2152 metrorum,
726 2090 744 2132 a
778 2079 879 2157 puteo
901 2065 1036 2132 initium
1059 2064 1186 2132 ducunt
1208 2077 1241 2132 et
1262 2086 1513 2154 nonnumquam
1536 2064 1579 2131 ad
1600 2070 1665 2132 200
1690 2076 1792 2131 metra
1816 2085 1898 2153 pro-

328 2218 507 2288 ducuntur.
561 2223 701 2307 Quando
724 2224 801 2289 satis
822 2224 921 2314 longe
943 2226 1099 2312 protracti
1121 2240 1219 2304 sunt,
1252 2248 1348 2314 saepe
1371 2225 1452 2291 alter
1477 2238 1594 2314 puteus
1616 2223 1762 2307 foditur,
1786 2223 1900 2313 inpri-

327 2377 389 2444 mis
418 2379 461 2444 ad
494 2379 754 2468 promovendum
789 2380 871 2448 aeris
906 2381 1092 2449 circuitum.
1149 2382 1324 2450 Interdum
1360 2383 1480 2449 adsunt
1509 2381 1669 2466 cuniculi,
1695 2381 1751 2470 qui
1782 2404 1850 2450 non
1881 2407 1898 2450 a

326 2538 454 2629 magnis
479 2548 587 2629 putet's
608 2539 743 2607 initium
765 2539 903 2627 ducant,
930 2541 988 2610 sed
1009 2540 1193 2608 minoribus
1217 2549 1325 2632 puteis
1348 2564 1424 2608 cum
1442 2541 1515 2609 aliis
1548 2542 1708 2611 cuniculis
1731 2544 1897 2634 conjuncti

325 2697 408 2766 sint:
433 2698 470 2764 hi
493 2700 584 2788 parri
601 2700 745 2768 cuniculi
769 2700 925 2769 dicuntur
947 2701 989 2769 ab
1013 2723 1173 2770 scnrcom
1188 2704 1309 2791 fossae
1329 2705 1480 2768 latentes.

412 2859 641 2950 Unusquisque
674 2862 897 2952 operariorum
929 2861 1033 2930 habet
1061 2862 1257 2952 plerumque
1290 2884 1380 2929 suam
1422 2860 1615 2946 candelam,
1656 2862 1710 2929 cui
1752 2862 1897 2932 fulcrum

325 3019 461 3108 praebet
506 3021 660 3087 nonnihil
704 3022 859 3113 argillae,
905 3044 969 3111 qua
1003 3035 1114 3090 contra
1151 3021 1310 3111 parietem
1346 3021 1491 3089 cuniculi
1527 3021 1785 3112 conglutinatur.
1858 3028 1899 3090 ln

326 3179 439 3245 multis
472 3191 585 3246 tamen
622 3180 745 3248 fodinis
774 3193 913 3248 utuntur
943 3137 1167 3271 lampadibus,
1206 3181 1305 3248 etiam
1337 3181 1523 3270 Bavyanis.
1581 3183 1731 3270 Operarii
1768 3185 1895 3275 saepius

326 3335 520 3404 dividuntur
553 3338 589 3404 in
621 3350 685 3406 tres
711 3351 872 3424 catervas,
904 3364 1045 3431 quarum
1070 3341 1169 3408 altera
1198 3340 1335 3407 alteram
1358 3347 1473 3430 post8
1500 3340 1596 3409 horas
1619 3341 1761 3432 excipit,
1791 3344 1836 3412 ita
1860 3360 1896 3413 ut

325 3516 406 3585 opus
438 3519 620 3586 numquam
655 3499 922 3590 derelinquatur,
964 3513 1098 3592 excepto
1145 3500 1199 3568 die
1227 3498 1321 3568 Solis.
1383 3500 1434 3566 Ad
1467 3499 1694 3589 producendos
1727 3504 1897 3573 cuniculos

325 3650 493 3718 interdum
522 3653 723 3723 adhibentur
749 3659 950 3748 explosiones
974 3685 1033 3752 per
1054 3663 1224 3752 pulverem
1248 3661 1419 3728 nitratum.

412 3811 598 3900 Aliquando
627 3814 842 3884 inveniuntur
867 3818 1012 3887 cuniculi
1036 3820 1135 3910 plane
1158 3819 1252 3904 sicci,
1276 3818 1332 3885 sed
1357 3818 1554 3908 plerumque
1577 3818 1761 3886 madefiunt
1782 3818 1895 3908 aquis,

324 3991 381 4055 per
417 3980 502 4038 tecta
536 3971 786 4061 cuniculorum,
819 3979 975 4069 guttatim
1002 3979 1213 4047 stillantibus.
1271 3982 1340 4046 llae
1370 4001 1475 4067 aquae
1502 3978 1675 4046 confluunt
1701 3979 1896 4070 plerumque

326 4147 432 4194 versus
471 4135 696 4222 receptacula,
734 4137 844 4221 unde,
886 4161 928 4205 ne
962 4139 1053 4230 operi
1086 4139 1364 4230 impedimentum
1404 4152 1554 4221 struant,
1589 4139 1700 4206 antliis
1736 4141 1897 4208 exhauri-

325 4295 436 4351 untur.

414 4448 567 4535 Impendi
598 4474 692 4543 saepe
729 4454 853 4522 debent
880 4454 1004 4525 multae
1034 4479 1131 4525 curae
1158 4458 1199 4524 ad
1224 4454 1485 4547 promovendum
1520 4453 1603 4521 aeris
1626 4451 1800 4521 circuitum
1829 4457 1896 4526 sire

323 4609 587 4694 ventilationem,
612 4610 764 4701 inprimis
797 4628 937 4701 aestate;
969 4639 1047 4683 nam
1076 4615 1187 4684 hieme
1218 4616 1324 4705 major
1356 4611 1511 4680 circuitus
1549 4634 1678 4701 semper
1709 4615 1896 4685 observatur

324 4780 459 4858 propter
483 4777 592 4837 ae'rem
616 4769 841 4862 frigidiorem,
868 4776 1008 4866 ideoque
1032 4775 1233 4867 graviorem,
1257 4796 1317 4864 per
1340 4782 1480 4862 puteum
1502 4771 1768 4843 descendentem.
1814 4780 1897 4845 Cae·

1652 4938 1672 4998 2
