4440 6060
973 623 1032 686 101

307 843 351 900 10.
384 832 632 903 Observationes
664 853 761 920 supra
793 828 953 920 expositas
984 840 1083 917 atque
1107 828 1271 896 institutas
1296 843 1329 897 et
1354 831 1390 897 in
1414 831 1535 899 fodinis
1559 845 1593 900 et
1618 833 1653 900 in
1676 833 1782 923 puteis

213 992 348 1076 foratis,
374 991 521 1059 indicare
542 991 783 1059 incrementum
805 1001 1046 1077 temperaturae
1071 986 1157 1054 inira
1177 987 1303 1055 telluris
1325 989 1543 1081 superficiem.

304 1159 349 1218 2⁰.
385 1151 557 1221 Variarum
581 1148 844 1219 observationum
868 1160 978 1214 autem
1003 1159 1156 1231 eventus,
1180 1147 1261 1215 adeo
1284 1147 1369 1215 inter
1389 1171 1423 1215 se
1445 1148 1629 1239 discrepare
1654 1164 1691 1218 ut
1709 1174 1782 1218 oer-

214 1326 280 1377 tam
304 1310 498 1379 inerementi
521 1311 630 1402 legem
654 1332 714 1399 pro
736 1330 934 1398 unaquaque
955 1306 1090 1397 regione
1111 1306 1259 1373 nondum
1282 1319 1424 1375 statuere
1445 1308 1616 1398 possimus.

304 1477 349 1537 3⁰.
381 1474 521 1538 Eventus
544 1469 604 1537 hos
622 1468 765 1557 pendere
785 1490 803 1533 a
825 1465 937 1534 multis
956 1463 1233 1546 eoeffioientibus,
1247 1488 1329 1555 quos
1351 1467 1413 1536 rite
1429 1467 1649 1538 determinare
1666 1472 1780 1562 magni

213 1631 297 1699 foret
316 1629 424 1719 pretii.
661 1580 664 1585 1

305 1794 350 1854 4⁰.
395 1790 536 1855 atvero
562 1786 598 1854 in
623 1787 828 1877 generehoo
860 1788 1101 1857 incrementum
1131 1786 1237 1875 majus
1259 1808 1327 1854 esse
1349 1787 1385 1853 in
1410 1787 1600 1877 regionibus
1620 1788 1725 1877 planis
1746 1799 1779 1855 et

215 1944 250 2010 in
274 1942 430 2029 vallibus,
456 1966 556 2032 quam
579 1945 614 2011 in
636 1943 814 2013 montibus.

300 2421 372 2485 Jam
394 2440 489 2503 vero,
512 2437 615 2505 quum
634 2414 711 2482 satis
730 2426 841 2505 pateat
861 2439 879 2484 e
898 2416 967 2484 fere
986 2417 1141 2485 omnibus
1154 2417 1435 2487 observationibus
1455 2433 1711 2509 temperaturam
1727 2419 1781 2485 in-

212 2575 262 2641 fra
295 2575 420 2643 telluris
442 2575 650 2665 superficiem
676 2576 808 2667 augeri,
834 2598 918 2646 nora
950 2577 1096 2666 quaestio
1124 2576 1274 2645 adeunda
1298 2590 1361 2646 est:
1401 2601 1590 2667 »quaenam
1619 2580 1662 2646 sit
1687 2601 1781 2646 causa

214 2733 340 2825 »hujus
360 2735 588 2805 inerementi.'’
634 2742 726 2804 Hane
746 2737 973 2825 quaestionem
995 2759 1063 2804 non
1082 2737 1194 2827 paucis
1217 2736 1420 2827 argumentis
1443 2737 1485 2803 ad
1505 2735 1672 2825 liquidum
1696 2759 1779 2827 per-

213 2893 288 2960 duoi
314 2915 423 2983 posse,
455 2895 529 2983 quis
558 2918 627 2964 non
648 2893 757 2962 vidit?
810 2900 902 2963 Hane
933 2894 1104 2964 materiem
1125 2895 1284 2987 singulari
1306 2895 1420 2964 libello
1444 2908 1663 2985 perurente,
1680 2917 1779 2984 quae

212 3050 256 3117 sit
281 3050 372 3138 quasi
401 3051 543 3117 secunda
565 3053 665 3141 hujus
687 3042 874 3141 speciminis
895 3077 971 3141 pars
994 3055 1029 3118 in
1055 3054 1166 3119 animo
1187 3067 1246 3118 est.
1294 3052 1378 3118 Malo
1398 3049 1489 3117 enim
1509 3050 1566 3116 hio
1584 3049 1687 3118 finem
1709 3052 1780 3119 im-

212 3231 333 3301 ponere
353 3207 589 3294 dissertationi,
613 3230 713 3298 quam
740 3208 932 3299 imperfecto
953 3221 1051 3298 atque
1073 3209 1237 3300 indigesto
1258 3208 1370 3300 operi,
1397 3209 1530 3298 insuper
1554 3209 1777 3300 imperfectius

210 3367 296 3456 quid
314 3369 434 3439 addere
457 3381 556 3459 atque
578 3367 683 3458 magis
705 3367 917 3459 indigestum.
957 3426 960 3431 .

895 3794 1091 3839 ΉΗΠ.
