4440 6060
1080 637 1121 700 65

323 844 384 910 bus
407 840 618 925 defenderet,
640 839 876 906 thermometra
899 836 981 904 adeo
1004 858 1124 926 magna
1148 834 1266 904 eonfici
1287 838 1432 924 curavit,
1456 851 1493 906 ut
1510 839 1630 906 bulbus
1653 843 1693 905 40
1714 834 1887 927 pollicibus

324 1023 493 1069 mensurae
524 1000 725 1085 Dresdenae,
759 998 796 1065 in
821 997 993 1076 foramen,
1025 1019 1122 1063 arena
1144 994 1307 1086 repletum
1326 1010 1535 1086 penetraret,
1560 998 1643 1067 scala
1665 1011 1777 1064 tamen
1800 1005 1888 1062 extra

324 1161 471 1230 foramen
502 1159 667 1250 prodiret,
703 1158 747 1224 ita
781 1170 819 1225 ut
840 1157 937 1224 facile
959 1168 1198 1247 temperaturae
1219 1154 1341 1246 gradus
1363 1155 1523 1223 observari
1543 1169 1683 1246 possent.
1730 1155 1890 1221 Thermo·

324 1333 424 1390 metra
458 1321 539 1388 haec
565 1343 634 1389 non
655 1318 834 1403 mercurio,
856 1317 915 1385 sed
932 1316 1080 1384 aloohole
1101 1316 1224 1408 repleta
1249 1328 1352 1384 erant.
1400 1314 1660 1384 conferebantur
1683 1327 1793 1380 autem
1814 1311 1890 1379 sin-

324 1481 419 1572 gula,
443 1503 519 1547 eum
541 1478 646 1547 tribus
669 1479 913 1575 tbermometris
933 1479 1063 1547 Parisiis
1083 1503 1101 1546 a
1125 1502 1265 1546 ronrrrro
1279 1477 1451 1563 confectis,
1467 1457 1742 1566 quae'tamquam
1758 1494 1891 1540 normae

325 1640 527 1728 reliquorum
549 1640 860 1707 thermometrorum
886 1639 1105 1707 habebantur.
1151 1638 1331 1707 Divisiones
1356 1638 1666 1705 thermometrorum
1690 1632 1772 1700 adeo
1794 1652 1891 1719 mag·

325 1821 387 1867 nae
410 1810 517 1882 erant,
541 1810 579 1864 ut
600 1797 696 1865 facile
717 1821 790 1888 pars
814 1805 888 1880 0,01
912 1800 964 1868 vel
989 1806 1066 1885 0,02
1088 1801 1209 1891 gradus
1231 1798 1393 1866 observari
1415 1810 1531 1889 posset.
1578 1799 1648 1863 lloe
1666 1792 1787 1860 ideireo
1802 1811 1890 1858 com·

324 1961 460 2028 modurn
491 1958 596 2025 visum
627 1971 695 2043 est,
724 1970 762 2025 ut
789 1981 912 2027 errores
946 1959 988 2025 ab
1018 1929 1186 2049 inexperto
1218 1958 1420 2027 observatore
1452 1954 1680 2026 committendi
1699 1955 1770 2044 jam
1797 1950 1891 2018 valde

326 2118 437 2210 exigui
464 2119 592 2202 forent,
626 2129 661 2184 et
693 2116 744 2183 sel
769 2116 926 2186 minimae
948 2132 1188 2208 temperaturae
1218 2117 1411 2186 variationes
1436 2126 1632 2207 apparerent
1652 2114 1687 2181 in
1708 2111 1805 2217 loeis,
1832 2108 1890 2176 ubi

324 2282 409 2350 forte
430 2280 472 2346 ab
494 2277 566 2343 aliis
587 2288 737 2344 constans
760 2288 979 2364 temperatura
1002 2278 1169 2344 observata
1188 2277 1313 2345 fuisset.

413 2441 605 2525 Praecepta,
639 2456 725 2524 quae
760 2432 795 2500 in
827 2433 1039 2524 disponendis
1064 2437 1310 2505 thermometris
1332 2450 1409 2506 ante
1439 2438 1549 2506 oeulos
1579 2435 1700 2504 habuit
1723 2456 1890 2513 amemus,

325 2598 515 2691 praesertim
535 2597 619 2665 haee
639 2608 742 2664 erant.

383 2766 413 2825 1.
439 2761 608 2843 Quantum
641 2757 713 2824 fieri
742 2768 865 2846 potest,
889 2779 1010 2848 magna
1034 2769 1102 2828 esto
1124 2759 1277 2826 distantia
1300 2782 1319 2826 a
1341 2760 1420 2829 loeis
1441 2759 1525 2828 ae'ris
1546 2757 1671 2827 externi
1693 2752 1893 2823 mutationi-

437 2920 499 2986 bus
522 2917 689 3003 obnoxiis,
713 2930 747 2986 et
769 2919 811 2985 ab
835 2918 875 2986 iis
898 2918 957 2987 ubi
978 2919 1074 2987 multi
1097 2921 1217 2989 adsunt
1238 2922 1389 3012 operarii.

380 3087 412 3145 2.
438 3079 683 3145 Thermemeua
706 3078 853 3166 ejusdem
875 3080 1023 3163 fodinae,
1055 3082 1219 3166 siquidem
1242 3105 1292 3150 res
1315 3083 1417 3167 sinat,
1448 3084 1483 3148 in
1508 3083 1623 3150 eodem
1648 3078 1792 3149 verticali
1815 3100 1893 3146 sus-

438 3237 635 3327 penduntor.

381 3408 413 3467 3.
438 3403 477 3465 ln
508 3419 704 3487 unaquaque
725 3397 859 3483 fodina,
895 3422 999 3466 unum
1024 3400 1294 3471 thermometrum
1315 3405 1351 3472 in
1370 3406 1441 3475 loeo
1465 3405 1670 3496 superficiei,
1694 3403 1833 3470 alterum
1858 3399 1892 3465 in

437 3561 508 3628 loeo
529 3559 635 3628 fundo
653 3560 803 3650 proximo
827 3560 1017 3631 collocator:
1046 3563 1132 3632 inter
1154 3565 1238 3635 haee
1258 3588 1363 3635 unum
1388 3566 1569 3634 alterumve
1590 3565 1745 3654 insuper,
1772 3584 1894 3650 aequa-

438 3718 541 3804 libus,
566 3719 593 3785 si
616 3719 689 3785 fieri
712 3732 834 3809 potest,
857 3721 1019 3790 distantiis
1042 3725 1225 3815 deponitor.

381 3889 411 3949 4.
438 3880 722 3948 Thermemetrum
753 3878 903 3970 superius
924 3837 1111 3952 immittitur
1134 3883 1169 3951 in
1188 3907 1301 3952 saxum
1321 3885 1444 3972 lixum,
1472 3909 1534 3953 neo
1560 3885 1667 3954 solum
1689 3884 1891 3952 elaboratum

438 4065 534 4133 supra
558 4041 640 4108 illud
663 4039 836 4110 invenitor.

383 4209 415 4267 5.
439 4203 612 4279 Foramen,
645 4200 680 4267 in
711 4223 778 4292 quo
806 4201 1080 4272 thermometrum
1100 4207 1243 4294 locetur,
1269 4221 1394 4276 tantam
1415 4206 1667 4300 amplitudinem
1690 4208 1831 4292 habeto,
1855 4220 1892 4275 ut

440 4359 560 4426 bulbus
583 4359 626 4426 ab
649 4361 738 4428 omni
761 4375 854 4451 parte
878 4370 919 4431 40
943 4365 1118 4455 pollicibus
1139 4391 1157 4434 a
1176 4368 1279 4437 libera
1309 4369 1377 4436 saxi
1399 4367 1571 4460 superficie
1594 4369 1709 4453 distet,
1731 4381 1830 4459 atque
1855 4382 1892 4437 ut

438 4519 474 4584 in
494 4518 717 4589 observatione
741 4523 903 4613 graduum
927 4527 1172 4614 thermometri,
1195 4528 1285 4596 nulla
1306 4529 1477 4620 parallaxis
1499 4530 1656 4599 obtineat.

383 4688 414 4748 6.
440 4678 559 4748 Omnia
581 4680 739 4749 foramina
762 4706 863 4773 quam
885 4686 1028 4756 maxime
1050 4688 1133 4758 sicea
1154 4701 1261 4760 sunto.

416 4841 591 4929 Praeeepto
620 4842 763 4912 seeundo
792 4864 974 4936 numquam
1002 4847 1065 4918 rite
1097 4848 1360 4942 obtemperatum
1391 4849 1472 4918 suit:
1500 4849 1635 4940 reliquis
1666 4850 1892 4942 obtemperare

1716 5019 1736 5079 9
