<?xml version="1.0" encoding="UTF-8"?>
<!DOCTYPE html PUBLIC "-//W3C//DTD XHTML 1.0 Transitional//EN"
    "http://www.w3.org/TR/xhtml1/DTD/xhtml1-transitional.dtd">
<html xmlns="http://www.w3.org/1999/xhtml" xml:lang="en" lang="en">
 <head>
  <title>
</title>
<meta http-equiv="Content-Type" content="text/html;charset=utf-8" />
  <meta name='ocr-system' content='tesseract 3.04.00' />
  <meta name='ocr-capabilities' content='ocr_page ocr_carea ocr_par ocr_line ocrx_word'/>
</head>
<body>
  <div class='ocr_page' id='page_1' title='image "./decaloretelluri00vrolgoog_0071.png"; bbox 0 0 4440 6060; ppageno 0'>
   <div class='ocr_carea' id='block_1_1' title="bbox 1085 606 1127 665">
    <p class='ocr_par' dir='ltr' id='par_1_1' title="bbox 1085 606 1127 665">
     <span class='ocr_line' id='line_1_1' title="bbox 1085 606 1127 665; baseline 0 0"><span class='ocrx_word' id='word_1_1' title='bbox 1085 606 1127 665; x_wconf 76' lang='lat'><strong>54</strong></span> 
     </span>
    </p>
   </div>
   <div class='ocr_carea' id='block_1_2' title="bbox 354 800 1891 900">
    <p class='ocr_par' dir='ltr' id='par_1_2' title="bbox 354 800 1891 900">
     <span class='ocr_line' id='line_1_2' title="bbox 354 800 1891 900; baseline -0.002 -23"><span class='ocrx_word' id='word_1_2' title='bbox 354 849 357 852; x_wconf 36' lang='lat'><strong><em>⁴</em></strong></span> <span class='ocrx_word' id='word_1_3' title='bbox 412 811 553 881; x_wconf 76' lang='lat' dir='ltr'><strong>Fodinae</strong></span> <span class='ocrx_word' id='word_1_4' title='bbox 582 829 687 900; x_wconf 84' lang='lat' dir='ltr'>prope</span> <span class='ocrx_word' id='word_1_5' title='bbox 714 807 899 891; x_wconf 81' lang='lat' dir='ltr'><strong>Decetiam,</strong></span> <span class='ocrx_word' id='word_1_6' title='bbox 926 824 1007 893; x_wconf 88' lang='lat' dir='ltr'><strong>quas</strong></span> <span class='ocrx_word' id='word_1_7' title='bbox 1035 800 1189 892; x_wconf 75' lang='lat' dir='ltr'>deinceps</span> <span class='ocrx_word' id='word_1_8' title='bbox 1210 801 1295 870; x_wconf 87' lang='lat' dir='ltr'><strong>adiit</strong></span> <span class='ocrx_word' id='word_1_9' title='bbox 1318 823 1513 884; x_wconf 74' lang='lat' dir='ltr'><strong>mauretus,</strong></span> <span class='ocrx_word' id='word_1_10' title='bbox 1530 803 1646 893; x_wconf 83' lang='lat' dir='ltr'><strong>jacent</strong></span> <span class='ocrx_word' id='word_1_11' title='bbox 1669 804 1704 872; x_wconf 92' lang='lat' dir='ltr'><strong>in</strong></span> <span class='ocrx_word' id='word_1_12' title='bbox 1724 805 1891 895; x_wconf 83' lang='lat' dir='ltr'><strong>provincia</strong></span> 
     </span>
    </p>
   </div>
   <div class='ocr_carea' id='block_1_3' title="bbox 324 926 1891 1064">
    <p class='ocr_par' dir='ltr' id='par_1_3' title="bbox 324 926 1891 1064">
     <span class='ocr_line' id='line_1_3' title="bbox 324 926 1891 1064; baseline -0.004 -23"><span class='ocrx_word' id='word_1_13' title='bbox 324 974 412 1042; x_wconf 87' lang='lat' dir='ltr'><strong>dieta</strong></span> <span class='ocrx_word' id='word_1_14' title='bbox 436 974 665 1064; x_wconf 58' lang='lat' dir='ltr'><strong>deportassent</strong></span> <span class='ocrx_word' id='word_1_15' title='bbox 684 971 730 1039; x_wconf 75' lang='lat' dir='ltr'><strong>da</strong></span> <span class='ocrx_word' id='word_1_16' title='bbox 750 968 888 1050; x_wconf 64' lang='lat' dir='ltr'><strong>Noun,</strong></span> <span class='ocrx_word' id='word_1_17' title='bbox 912 963 948 1031; x_wconf 86' lang='lat' dir='ltr'><strong>in</strong></span> <span class='ocrx_word' id='word_1_18' title='bbox 968 962 1104 1054; x_wconf 90' lang='lat' dir='ltr'><strong>regione</strong></span> <span class='ocrx_word' id='word_1_19' title='bbox 1125 962 1239 1032; x_wconf 88' lang='lat' dir='ltr'><strong>multis</strong></span> <span class='ocrx_word' id='word_1_20' title='bbox 1259 926 1396 1032; x_wconf 84' lang='lat' dir='ltr'><strong>collibus</strong></span> <span class='ocrx_word' id='word_1_21' title='bbox 1417 962 1584 1031; x_wconf 86' lang='lat' dir='ltr'><strong>distincta.</strong></span> <span class='ocrx_word' id='word_1_22' title='bbox 1630 946 1728 1034; x_wconf 79' lang='lat' dir='ltr'><strong>Putat</strong></span> <span class='ocrx_word' id='word_1_23' title='bbox 1751 986 1891 1034; x_wconf 74' lang='lat' dir='ltr'><strong>maom-</strong></span> 
     </span>
    </p>
   </div>
   <div class='ocr_carea' id='block_1_4' title="bbox 254 1121 1895 4722">
    <p class='ocr_par' dir='ltr' id='par_1_4' title="bbox 322 1121 1891 1380">
     <span class='ocr_line' id='line_1_4' title="bbox 324 1121 1891 1218; baseline -0.004 -16"><span class='ocrx_word' id='word_1_24' title='bbox 324 1159 398 1218; x_wconf 80' lang='lat' dir='ltr'><strong>nns,</strong></span> <span class='ocrx_word' id='word_1_25' title='bbox 434 1133 501 1218; x_wconf 92' lang='lat' dir='ltr'><strong>ibi,</strong></span> <span class='ocrx_word' id='word_1_26' title='bbox 536 1131 619 1199; x_wconf 89' lang='lat' dir='ltr'><strong>sieut</strong></span> <span class='ocrx_word' id='word_1_27' title='bbox 653 1129 688 1195; x_wconf 95' lang='lat' dir='ltr'><strong>in</strong></span> <span class='ocrx_word' id='word_1_28' title='bbox 723 1124 857 1214; x_wconf 90' lang='lat' dir='ltr'><strong>reliquis</strong></span> <span class='ocrx_word' id='word_1_29' title='bbox 890 1121 1015 1190; x_wconf 87' lang='lat' dir='ltr'><strong>Galliae</strong></span> <span class='ocrx_word' id='word_1_30' title='bbox 1046 1122 1255 1215; x_wconf 75' lang='lat' dir='ltr'>regionibus,</span> <span class='ocrx_word' id='word_1_31' title='bbox 1286 1135 1384 1191; x_wconf 84' lang='lat' dir='ltr'><strong>strata</strong></span> <span class='ocrx_word' id='word_1_32' title='bbox 1414 1123 1648 1192; x_wconf 84' lang='lat' dir='ltr'><strong>lithantracum</strong></span> <span class='ocrx_word' id='word_1_33' title='bbox 1667 1125 1775 1215; x_wconf 74' lang='lat' dir='ltr'><strong>jacere</strong></span> <span class='ocrx_word' id='word_1_34' title='bbox 1792 1149 1891 1218; x_wconf 86' lang='lat' dir='ltr'><strong>supra</strong></span> 
     </span>
     <span class='ocr_line' id='line_1_5' title="bbox 322 1281 1645 1380; baseline -0.005 -20"><span class='ocrx_word' id='word_1_35' title='bbox 322 1312 435 1359; x_wconf 86' lang='lat' dir='ltr'><strong>saxum</strong></span> <span class='ocrx_word' id='word_1_36' title='bbox 458 1287 674 1380; x_wconf 80' lang='lat' dir='ltr'><strong>primitivum.</strong></span> <span class='ocrx_word' id='word_1_37' title='bbox 721 1289 762 1353; x_wconf 86' lang='lat' dir='ltr'><strong>ln</strong></span> <span class='ocrx_word' id='word_1_38' title='bbox 783 1285 912 1354; x_wconf 91' lang='lat' dir='ltr'><strong>duobus</strong></span> <span class='ocrx_word' id='word_1_39' title='bbox 932 1281 1066 1351; x_wconf 86' lang='lat' dir='ltr'><strong>fodinae</strong></span> <span class='ocrx_word' id='word_1_40' title='bbox 1088 1281 1168 1351; x_wconf 90' lang='lat' dir='ltr'><strong>locis</strong></span> <span class='ocrx_word' id='word_1_41' title='bbox 1188 1293 1443 1372; x_wconf 79' lang='lat' dir='ltr'><strong>temperaturam</strong></span> <span class='ocrx_word' id='word_1_42' title='bbox 1466 1283 1645 1377; x_wconf 75' lang='lat' dir='ltr'><strong>indagavit.</strong></span> 
     </span>
    </p>

    <p class='ocr_par' dir='ltr' id='par_1_5' title="bbox 254 1440 1893 1855">
     <span class='ocr_line' id='line_1_6' title="bbox 411 1440 1893 1538; baseline 0.001 -22"><span class='ocrx_word' id='word_1_43' title='bbox 411 1453 451 1516; x_wconf 91' lang='lat' dir='ltr'><strong>In</strong></span> <span class='ocrx_word' id='word_1_44' title='bbox 470 1448 541 1517; x_wconf 91' lang='lat' dir='ltr'><strong>looo</strong></span> <span class='ocrx_word' id='word_1_45' title='bbox 567 1445 742 1530; x_wconf 86' lang='lat' dir='ltr'><strong>inferiore,</strong></span> <span class='ocrx_word' id='word_1_46' title='bbox 765 1440 901 1529; x_wconf 85' lang='lat' dir='ltr'><strong>eodem&#39;,</strong></span> <span class='ocrx_word' id='word_1_47' title='bbox 926 1467 993 1534; x_wconf 89' lang='lat' dir='ltr'><strong>quo</strong></span> <span class='ocrx_word' id='word_1_48' title='bbox 1015 1466 1132 1535; x_wconf 86' lang='lat' dir='ltr'><strong>supra,</strong></span> <span class='ocrx_word' id='word_1_49' title='bbox 1157 1444 1256 1512; x_wconf 90' lang='lat' dir='ltr'><strong>modo</strong></span> <span class='ocrx_word' id='word_1_50' title='bbox 1278 1457 1533 1536; x_wconf 82' lang='lat' dir='ltr'><strong>temperaturam</strong></span> <span class='ocrx_word' id='word_1_51' title='bbox 1558 1445 1739 1538; x_wconf 74' lang='lat' dir='ltr'><strong>indagavit.</strong></span> <span class='ocrx_word' id='word_1_52' title='bbox 1785 1449 1893 1517; x_wconf 77' lang='lat' dir='ltr'><strong>Then-</strong></span> 
     </span>
     <span class='ocr_line' id='line_1_7' title="bbox 254 1595 1893 1696; baseline -0.002 -16"><span class='ocrx_word' id='word_1_53' title='bbox 254 1595 257 1603; x_wconf 34' lang='lat'>¹</span> <span class='ocrx_word' id='word_1_54' title='bbox 323 1622 520 1680; x_wconf 89' lang='lat' dir='ltr'><strong>mometrum</strong></span> <span class='ocrx_word' id='word_1_55' title='bbox 545 1606 724 1678; x_wconf 91' lang='lat' dir='ltr'><strong>demissum</strong></span> <span class='ocrx_word' id='word_1_56' title='bbox 747 1604 813 1672; x_wconf 80' lang='lat' dir='ltr'><strong>fuit</strong></span> <span class='ocrx_word' id='word_1_57' title='bbox 833 1604 869 1671; x_wconf 94' lang='lat' dir='ltr'><strong>in</strong></span> <span class='ocrx_word' id='word_1_58' title='bbox 887 1603 1051 1690; x_wconf 85' lang='lat' dir='ltr'><strong>foramen,</strong></span> <span class='ocrx_word' id='word_1_59' title='bbox 1077 1609 1137 1673; x_wconf 88' lang='grc'><strong>171</strong></span> <span class='ocrx_word' id='word_1_60' title='bbox 1154 1604 1267 1674; x_wconf 77' lang='lat' dir='ltr'><strong>metris</strong></span> <span class='ocrx_word' id='word_1_61' title='bbox 1286 1605 1498 1696; x_wconf 78' lang='lat' dir='ltr'><strong>a-superfieie</strong></span> <span class='ocrx_word' id='word_1_62' title='bbox 1511 1607 1572 1677; x_wconf 86' lang='lat' dir='ltr'><strong>soli</strong></span> <span class='ocrx_word' id='word_1_63' title='bbox 1591 1607 1789 1677; x_wconf 68' lang='lat' dir='ltr'><strong>eonsensum.</strong></span> <span class='ocrx_word' id='word_1_64' title='bbox 1818 1610 1893 1676; x_wconf 72' lang='lat' dir='ltr'><strong>Poet</strong></span> 
     </span>
     <span class='ocr_line' id='line_1_8' title="bbox 325 1761 952 1855; baseline -0.01 -21"><span class='ocrx_word' id='word_1_65' title='bbox 325 1773 366 1834; x_wconf 81' lang='lat'><strong>50</strong></span> <span class='ocrx_word' id='word_1_66' title='bbox 395 1766 526 1834; x_wconf 91' lang='lat' dir='ltr'><strong>minuta</strong></span> <span class='ocrx_word' id='word_1_67' title='bbox 551 1761 952 1855; x_wconf 71' lang='lat' dir='ltr'><strong>primaindiearit2201.</strong></span> 
     </span>
    </p>

    <p class='ocr_par' dir='ltr' id='par_1_6' title="bbox 411 1921 1678 2014">
     <span class='ocr_line' id='line_1_9' title="bbox 411 1921 1678 2014; baseline -0.005 -20"><span class='ocrx_word' id='word_1_68' title='bbox 411 1930 475 1994; x_wconf 73' lang='lat' dir='ltr'><strong>Aer</strong></span> <span class='ocrx_word' id='word_1_69' title='bbox 497 1925 534 1993; x_wconf 93' lang='lat' dir='ltr'><strong>in</strong></span> <span class='ocrx_word' id='word_1_70' title='bbox 557 1922 710 1993; x_wconf 86' lang='lat' dir='ltr'><strong>cuniculo</strong></span> <span class='ocrx_word' id='word_1_71' title='bbox 734 1944 837 2014; x_wconf 86' lang='lat' dir='ltr'>prope</span> <span class='ocrx_word' id='word_1_72' title='bbox 858 1922 964 1992; x_wconf 87' lang='lat' dir='ltr'><strong>solum</strong></span> <span class='ocrx_word' id='word_1_73' title='bbox 987 1921 1155 1991; x_wconf 86' lang='lat' dir='ltr'><strong>indicabat</strong></span> <span class='ocrx_word' id='word_1_74' title='bbox 1178 1929 1273 2009; x_wconf 70' lang='lat' dir='ltr'><strong>m,</strong></span> <span class='ocrx_word' id='word_1_75' title='bbox 1294 1945 1399 2014; x_wconf 86' lang='lat' dir='ltr'><strong>prope</strong></span> <span class='ocrx_word' id='word_1_76' title='bbox 1420 1936 1544 1992; x_wconf 88' lang='lat' dir='ltr'><strong>tectum</strong></span> <span class='ocrx_word' id='word_1_77' title='bbox 1567 1928 1678 1993; x_wconf 64' lang='grc' dir='ltr'><strong>ΖΜ.</strong></span> 
     </span>
    </p>

    <p class='ocr_par' dir='ltr' id='par_1_7' title="bbox 321 2082 1893 2950">
     <span class='ocr_line' id='line_1_10' title="bbox 410 2082 1892 2176; baseline 0.003 -26"><span class='ocrx_word' id='word_1_78' title='bbox 410 2089 449 2152; x_wconf 88' lang='lat' dir='ltr'><strong>ln</strong></span> <span class='ocrx_word' id='word_1_79' title='bbox 484 2084 556 2153; x_wconf 88' lang='lat' dir='ltr'><strong>loeo</strong></span> <span class='ocrx_word' id='word_1_80' title='bbox 593 2083 777 2176; x_wconf 76' lang='lat' dir='ltr'><strong>superiore,</strong></span> <span class='ocrx_word' id='word_1_81' title='bbox 815 2087 878 2150; x_wconf 82' lang='lat'><strong>107</strong></span> <span class='ocrx_word' id='word_1_82' title='bbox 910 2082 1023 2152; x_wconf 88' lang='lat' dir='ltr'><strong>metris</strong></span> <span class='ocrx_word' id='word_1_83' title='bbox 1054 2083 1289 2174; x_wconf 85' lang='lat' dir='ltr'><strong>asuperficie,</strong></span> <span class='ocrx_word' id='word_1_84' title='bbox 1311 2106 1416 2174; x_wconf 91' lang='lat' dir='ltr'><strong>quum</strong></span> <span class='ocrx_word' id='word_1_85' title='bbox 1437 2084 1589 2151; x_wconf 80' lang='lat' dir='ltr'><strong>foramen</strong></span> <span class='ocrx_word' id='word_1_86' title='bbox 1610 2082 1798 2169; x_wconf 81' lang='lat' dir='ltr'><strong>foderetur,</strong></span> <span class='ocrx_word' id='word_1_87' title='bbox 1821 2084 1892 2154; x_wconf 79' lang='lat' dir='ltr'><strong>sure</strong></span> 
     </span>
     <span class='ocr_line' id='line_1_11' title="bbox 321 2240 1889 2335; baseline 0 -25"><span class='ocrx_word' id='word_1_88' title='bbox 321 2243 503 2312; x_wconf 88' lang='lat' dir='ltr'><strong>semi-hora</strong></span> <span class='ocrx_word' id='word_1_89' title='bbox 538 2243 582 2311; x_wconf 87' lang='lat' dir='ltr'><strong>ad</strong></span> <span class='ocrx_word' id='word_1_90' title='bbox 604 2243 641 2311; x_wconf 92' lang='lat' dir='ltr'><strong>id</strong></span> <span class='ocrx_word' id='word_1_91' title='bbox 660 2241 819 2332; x_wconf 88' lang='lat' dir='ltr'><strong>requisita</strong></span> <span class='ocrx_word' id='word_1_92' title='bbox 841 2240 926 2324; x_wconf 82' lang='lat' dir='ltr'><strong>fuit,</strong></span> <span class='ocrx_word' id='word_1_93' title='bbox 953 2254 1087 2333; x_wconf 89' lang='lat' dir='ltr'><strong>propter</strong></span> <span class='ocrx_word' id='word_1_94' title='bbox 1111 2255 1248 2310; x_wconf 90' lang='lat' dir='ltr'><strong>stratum</strong></span> <span class='ocrx_word' id='word_1_95' title='bbox 1270 2242 1468 2335; x_wconf 85' lang='lat' dir='ltr'><strong>interjacens</strong></span> <span class='ocrx_word' id='word_1_96' title='bbox 1493 2243 1632 2311; x_wconf 79' lang='lat' dir='ltr'><strong>schistae</strong></span> <span class='ocrx_word' id='word_1_97' title='bbox 1653 2243 1889 2313; x_wconf 65' lang='lat' dir='ltr'><strong>tenacissimae.</strong></span> 
     </span>
     <span class='ocr_line' id='line_1_12' title="bbox 323 2401 1893 2495; baseline -0.002 -21"><span class='ocrx_word' id='word_1_98' title='bbox 323 2410 583 2474; x_wconf 89' lang='lat' dir='ltr'><strong>Instrumentum</strong></span> <span class='ocrx_word' id='word_1_99' title='bbox 606 2405 750 2474; x_wconf 80' lang='lat' dir='ltr'><strong>ferreum</strong></span> <span class='ocrx_word' id='word_1_100' title='bbox 767 2403 895 2495; x_wconf 89' lang='lat' dir='ltr'><strong>saepius</strong></span> <span class='ocrx_word' id='word_1_101' title='bbox 911 2404 947 2470; x_wconf 91' lang='lat' dir='ltr'><strong>in</strong></span> <span class='ocrx_word' id='word_1_102' title='bbox 970 2425 1089 2493; x_wconf 87' lang='lat' dir='ltr'><strong>aquam</strong></span> <span class='ocrx_word' id='word_1_103' title='bbox 1110 2404 1176 2472; x_wconf 90' lang='lat' dir='ltr'><strong>fuit</strong></span> <span class='ocrx_word' id='word_1_104' title='bbox 1199 2404 1407 2488; x_wconf 90' lang='lat' dir='ltr'><strong>immersum,</strong></span> <span class='ocrx_word' id='word_1_105' title='bbox 1432 2425 1475 2471; x_wconf 93' lang='lat' dir='ltr'><strong>ne</strong></span> <span class='ocrx_word' id='word_1_106' title='bbox 1496 2401 1601 2471; x_wconf 87' lang='lat' dir='ltr'><strong>nimio</strong></span> <span class='ocrx_word' id='word_1_107' title='bbox 1621 2401 1726 2471; x_wconf 86' lang='lat' dir='ltr'><strong>calore</strong></span> <span class='ocrx_word' id='word_1_108' title='bbox 1745 2402 1893 2471; x_wconf 79' lang='lat' dir='ltr'><strong>afficere·</strong></span> 
     </span>
     <span class='ocr_line' id='line_1_13' title="bbox 324 2561 1892 2653; baseline 0 -24"><span class='ocrx_word' id='word_1_109' title='bbox 324 2574 394 2648; x_wconf 90' lang='lat' dir='ltr'><strong>tur,</strong></span> <span class='ocrx_word' id='word_1_110' title='bbox 418 2563 581 2653; x_wconf 91' lang='lat' dir='ltr'><strong>illumque</strong></span> <span class='ocrx_word' id='word_1_111' title='bbox 601 2587 677 2634; x_wconf 84' lang='lat' dir='ltr'><strong>saxo</strong></span> <span class='ocrx_word' id='word_1_112' title='bbox 697 2564 965 2633; x_wconf 75' lang='lat' dir='ltr'><strong>communicaret.</strong></span> <span class='ocrx_word' id='word_1_113' title='bbox 1012 2561 1296 2632; x_wconf 79' lang='lat' dir='ltr'><strong>Thermemetrum</strong></span> <span class='ocrx_word' id='word_1_114' title='bbox 1320 2585 1380 2653; x_wconf 90' lang='lat' dir='ltr'><strong>per</strong></span> <span class='ocrx_word' id='word_1_115' title='bbox 1401 2563 1516 2631; x_wconf 89' lang='lat' dir='ltr'><strong>horam</strong></span> <span class='ocrx_word' id='word_1_116' title='bbox 1537 2575 1571 2629; x_wconf 92' lang='lat' dir='ltr'><strong>et</strong></span> <span class='ocrx_word' id='word_1_117' title='bbox 1595 2575 1745 2653; x_wconf 86' lang='lat' dir='ltr'><strong>quartam</strong></span> <span class='ocrx_word' id='word_1_118' title='bbox 1765 2574 1892 2652; x_wconf 79' lang='lat' dir='ltr'><strong>partem</strong></span> 
     </span>
     <span class='ocr_line' id='line_1_14' title="bbox 324 2720 1893 2813; baseline 0 -27"><span class='ocrx_word' id='word_1_119' title='bbox 324 2721 360 2788; x_wconf 91' lang='lat' dir='ltr'><strong>in</strong></span> <span class='ocrx_word' id='word_1_120' title='bbox 378 2721 443 2789; x_wconf 86' lang='lat' dir='ltr'><strong>hoc</strong></span> <span class='ocrx_word' id='word_1_121' title='bbox 463 2720 626 2789; x_wconf 82' lang='lat' dir='ltr'><strong>foramine</strong></span> <span class='ocrx_word' id='word_1_122' title='bbox 649 2723 820 2808; x_wconf 88' lang='lat' dir='ltr'><strong>relictum,</strong></span> <span class='ocrx_word' id='word_1_123' title='bbox 845 2722 1003 2791; x_wconf 86' lang='lat' dir='ltr'><strong>indicavit</strong></span> <span class='ocrx_word' id='word_1_124' title='bbox 1025 2729 1135 2792; x_wconf 76' lang='lat'><strong>17078.</strong></span> <span class='ocrx_word' id='word_1_125' title='bbox 1181 2726 1246 2791; x_wconf 80' lang='lat' dir='ltr'><strong>Aer</strong></span> <span class='ocrx_word' id='word_1_126' title='bbox 1264 2743 1366 2813; x_wconf 88' lang='lat' dir='ltr'><strong>prope</strong></span> <span class='ocrx_word' id='word_1_127' title='bbox 1390 2734 1513 2792; x_wconf 89' lang='lat' dir='ltr'><strong>tectum</strong></span> <span class='ocrx_word' id='word_1_128' title='bbox 1535 2730 1631 2807; x_wconf 76' lang='lat'><strong>21⁹6,</strong></span> <span class='ocrx_word' id='word_1_129' title='bbox 1650 2744 1753 2813; x_wconf 90' lang='lat' dir='ltr'><strong>prope</strong></span> <span class='ocrx_word' id='word_1_130' title='bbox 1771 2720 1893 2788; x_wconf 78' lang='lat' dir='ltr'><strong>fianda-</strong></span> 
     </span>
     <span class='ocr_line' id='line_1_15' title="bbox 324 2886 614 2950; baseline -0.007 -3"><span class='ocrx_word' id='word_1_131' title='bbox 324 2891 475 2950; x_wconf 89' lang='lat' dir='ltr'><strong>mentum</strong></span> <span class='ocrx_word' id='word_1_132' title='bbox 499 2886 614 2948; x_wconf 78' lang='lat'><strong>20035.</strong></span> 
     </span>
    </p>

    <p class='ocr_par' dir='ltr' id='par_1_8' title="bbox 325 3039 1895 3758">
     <span class='ocr_line' id='line_1_16' title="bbox 412 3039 1894 3133; baseline 0.004 -28"><span class='ocrx_word' id='word_1_133' title='bbox 412 3041 646 3129; x_wconf 81' lang='lat' dir='ltr'><strong>Temperatura</strong></span> <span class='ocrx_word' id='word_1_134' title='bbox 668 3039 779 3108; x_wconf 90' lang='lat' dir='ltr'><strong>media</strong></span> <span class='ocrx_word' id='word_1_135' title='bbox 801 3063 912 3110; x_wconf 89' lang='lat' dir='ltr'><strong>annua</strong></span> <span class='ocrx_word' id='word_1_136' title='bbox 932 3041 1078 3133; x_wconf 73' lang='lat' dir='ltr'><strong>regionis</strong></span> <span class='ocrx_word' id='word_1_137' title='bbox 1099 3064 1209 3110; x_wconf 87' lang='lat' dir='ltr'><strong>rursus</strong></span> <span class='ocrx_word' id='word_1_138' title='bbox 1231 3064 1270 3111; x_wconf 84' lang='lat' dir='ltr'><strong>ex</strong></span> <span class='ocrx_word' id='word_1_139' title='bbox 1292 3065 1376 3132; x_wconf 89' lang='lat' dir='ltr'><strong>aqua</strong></span> <span class='ocrx_word' id='word_1_140' title='bbox 1394 3056 1587 3133; x_wconf 88' lang='lat' dir='ltr'><strong>puteorum,</strong></span> <span class='ocrx_word' id='word_1_141' title='bbox 1607 3040 1679 3111; x_wconf 81' lang='lat' dir='ltr'><strong>fere</strong></span> <span class='ocrx_word' id='word_1_142' title='bbox 1692 3062 1788 3132; x_wconf 81' lang='lat' dir='ltr'><strong>supra</strong></span> <span class='ocrx_word' id='word_1_143' title='bbox 1808 3041 1894 3111; x_wconf 80' lang='lat' dir='ltr'><strong>locos</strong></span> 
     </span>
     <span class='ocr_line' id='line_1_17' title="bbox 325 3197 1895 3294; baseline 0 -27"><span class='ocrx_word' id='word_1_144' title='bbox 325 3197 589 3268; x_wconf 77' lang='lat' dir='ltr'><strong>observationum</strong></span> <span class='ocrx_word' id='word_1_145' title='bbox 607 3200 812 3290; x_wconf 88' lang='lat' dir='ltr'><strong>jacentium,</strong></span> <span class='ocrx_word' id='word_1_146' title='bbox 837 3202 1055 3272; x_wconf 86' lang='lat' dir='ltr'><strong>determinata</strong></span> <span class='ocrx_word' id='word_1_147' title='bbox 1076 3201 1153 3271; x_wconf 78' lang='lat' dir='ltr'><strong>furit.</strong></span> <span class='ocrx_word' id='word_1_148' title='bbox 1199 3207 1239 3271; x_wconf 93' lang='lat' dir='ltr'><strong>ln</strong></span> <span class='ocrx_word' id='word_1_149' title='bbox 1255 3215 1356 3294; x_wconf 92' lang='lat' dir='ltr'><strong>puteo</strong></span> <span class='ocrx_word' id='word_1_150' title='bbox 1371 3204 1460 3274; x_wconf 87' lang='lat' dir='ltr'><strong>dieto</strong></span> <span class='ocrx_word' id='word_1_151' title='bbox 1478 3202 1895 3290; x_wconf 58' lang='lat' dir='ltr'><strong>neocaesaream</strong></span> 
     </span>
     <span class='ocr_line' id='line_1_18' title="bbox 326 3355 1893 3451; baseline -0.001 -28"><span class='ocrx_word' id='word_1_152' title='bbox 326 3355 382 3424; x_wconf 90' lang='lat' dir='ltr'><strong>des</strong></span> <span class='ocrx_word' id='word_1_153' title='bbox 407 3356 601 3446; x_wconf 83' lang='lat' dir='ltr'><strong>perillons),</strong></span> <span class='ocrx_word' id='word_1_154' title='bbox 634 3381 720 3448; x_wconf 91' lang='lat' dir='ltr'><strong>aqua</strong></span> <span class='ocrx_word' id='word_1_155' title='bbox 753 3359 855 3426; x_wconf 86' lang='lat' dir='ltr'><strong>mixta</strong></span> <span class='ocrx_word' id='word_1_156' title='bbox 887 3359 1044 3427; x_wconf 83' lang='lat' dir='ltr'><strong>indicavit</strong></span> <span class='ocrx_word' id='word_1_157' title='bbox 1077 3367 1194 3447; x_wconf 75' lang='lat'><strong>11077,</strong></span> <span class='ocrx_word' id='word_1_158' title='bbox 1230 3384 1289 3451; x_wconf 94' lang='lat' dir='ltr'><strong>pro</strong></span> <span class='ocrx_word' id='word_1_159' title='bbox 1318 3363 1493 3431; x_wconf 88' lang='lat' dir='ltr'><strong>altitudine</strong></span> <span class='ocrx_word' id='word_1_160' title='bbox 1522 3369 1597 3442; x_wconf 84' lang='lat' dir='ltr'><strong>16,o</strong></span> <span class='ocrx_word' id='word_1_161' title='bbox 1617 3375 1808 3430; x_wconf 88' lang='lat' dir='ltr'><strong>metrorum.</strong></span> <span class='ocrx_word' id='word_1_162' title='bbox 1855 3360 1893 3422; x_wconf 93' lang='lat' dir='ltr'><strong>ln</strong></span> 
     </span>
     <span class='ocr_line' id='line_1_19' title="bbox 325 3514 1894 3611; baseline 0.006 -33"><span class='ocrx_word' id='word_1_163' title='bbox 325 3522 443 3602; x_wconf 90' lang='lat' dir='ltr'><strong>puteo,</strong></span> <span class='ocrx_word' id='word_1_164' title='bbox 474 3535 494 3577; x_wconf 89' lang='lat' dir='ltr'><strong>a</strong></span> <span class='ocrx_word' id='word_1_165' title='bbox 523 3514 699 3582; x_wconf 84' lang='lat' dir='ltr'><strong>Pelissone</strong></span> <span class='ocrx_word' id='word_1_166' title='bbox 728 3516 873 3604; x_wconf 91' lang='lat' dir='ltr'><strong>quodam</strong></span> <span class='ocrx_word' id='word_1_167' title='bbox 895 3538 1014 3585; x_wconf 91' lang='lat' dir='ltr'><strong>nomen</strong></span> <span class='ocrx_word' id='word_1_168' title='bbox 1038 3532 1190 3608; x_wconf 78' lang='lat' dir='ltr'><strong>gerente,</strong></span> <span class='ocrx_word' id='word_1_169' title='bbox 1216 3533 1436 3611; x_wconf 88' lang='lat' dir='ltr'><strong>temperatura</strong></span> <span class='ocrx_word' id='word_1_170' title='bbox 1459 3521 1626 3590; x_wconf 83' lang='lat' dir='ltr'><strong>observata</strong></span> <span class='ocrx_word' id='word_1_171' title='bbox 1646 3519 1711 3588; x_wconf 84' lang='lat' dir='ltr'><strong>iuit</strong></span> <span class='ocrx_word' id='word_1_172' title='bbox 1737 3524 1814 3588; x_wconf 76' lang='lat'>11⁰4</span> <span class='ocrx_word' id='word_1_173' title='bbox 1835 3539 1894 3608; x_wconf 83' lang='lat' dir='ltr'><strong>pro</strong></span> 
     </span>
     <span class='ocr_line' id='line_1_20' title="bbox 327 3670 795 3758; baseline 0.004 -19"><span class='ocrx_word' id='word_1_174' title='bbox 327 3670 503 3741; x_wconf 87' lang='lat' dir='ltr'><strong>altitudine</strong></span> <span class='ocrx_word' id='word_1_175' title='bbox 525 3679 581 3758; x_wconf 85' lang='lat'><strong>8,8</strong></span> <span class='ocrx_word' id='word_1_176' title='bbox 604 3685 795 3741; x_wconf 90' lang='lat' dir='ltr'><strong>metrorum.</strong></span> 
     </span>
    </p>

    <p class='ocr_par' dir='ltr' id='par_1_9' title="bbox 325 3831 1894 4378">
     <span class='ocr_line' id='line_1_21' title="bbox 413 3831 1893 3928; baseline 0.001 -30"><span class='ocrx_word' id='word_1_177' title='bbox 413 3831 448 3898; x_wconf 86' lang='lat' dir='ltr'><strong>si</strong></span> <span class='ocrx_word' id='word_1_178' title='bbox 477 3831 620 3923; x_wconf 90' lang='lat' dir='ltr'><strong>priorem</strong></span> <span class='ocrx_word' id='word_1_179' title='bbox 652 3844 905 3923; x_wconf 86' lang='lat' dir='ltr'><strong>temperaturam</strong></span> <span class='ocrx_word' id='word_1_180' title='bbox 938 3857 999 3926; x_wconf 95' lang='lat' dir='ltr'><strong>pro</strong></span> <span class='ocrx_word' id='word_1_181' title='bbox 1032 3835 1142 3904; x_wconf 88' lang='lat' dir='ltr'><strong>media</strong></span> <span class='ocrx_word' id='word_1_182' title='bbox 1179 3836 1323 3928; x_wconf 77' lang='lat' dir='ltr'><strong>regionis</strong></span> <span class='ocrx_word' id='word_1_183' title='bbox 1349 3840 1580 3922; x_wconf 86' lang='lat' dir='ltr'><strong>admittamus,</strong></span> <span class='ocrx_word' id='word_1_184' title='bbox 1611 3836 1808 3906; x_wconf 90' lang='lat' dir='ltr'><strong>habebimus</strong></span> <span class='ocrx_word' id='word_1_185' title='bbox 1833 3834 1893 3900; x_wconf 80' lang='lat' dir='ltr'><strong>in-</strong></span> 
     </span>
     <span class='ocr_line' id='line_1_22' title="bbox 326 3992 1892 4085; baseline -0.003 -25"><span class='ocrx_word' id='word_1_186' title='bbox 326 4003 528 4060; x_wconf 89' lang='lat' dir='ltr'><strong>crementum</strong></span> <span class='ocrx_word' id='word_1_187' title='bbox 549 4004 791 4081; x_wconf 86' lang='lat' dir='ltr'><strong>temperaturae</strong></span> <span class='ocrx_word' id='word_1_188' title='bbox 817 3999 850 4060; x_wconf 87' lang='grc' dir='ltr'><strong>1ο</strong></span> <span class='ocrx_word' id='word_1_189' title='bbox 871 4015 932 4084; x_wconf 91' lang='lat' dir='ltr'><strong>pro</strong></span> <span class='ocrx_word' id='word_1_190' title='bbox 959 4000 1058 4080; x_wconf 81' lang='lat'><strong>1⁵‚52</strong></span> <span class='ocrx_word' id='word_1_191' title='bbox 1081 3995 1210 4082; x_wconf 81' lang='lat' dir='ltr'><strong>metris3</strong></span> <span class='ocrx_word' id='word_1_192' title='bbox 1231 3997 1259 4062; x_wconf 93' lang='lat' dir='ltr'><strong>si</strong></span> <span class='ocrx_word' id='word_1_193' title='bbox 1279 3996 1491 4085; x_wconf 76' lang='lat' dir='ltr'><strong>posteriorem</strong></span> <span class='ocrx_word' id='word_1_194' title='bbox 1514 4005 1547 4064; x_wconf 83' lang='lat'><strong>1⁰</strong></span> <span class='ocrx_word' id='word_1_195' title='bbox 1570 4015 1630 4084; x_wconf 93' lang='lat' dir='ltr'><strong>pro</strong></span> <span class='ocrx_word' id='word_1_196' title='bbox 1652 3997 1745 4077; x_wconf 76' lang='lat'>14‚³1</span> <span class='ocrx_word' id='word_1_197' title='bbox 1770 3992 1892 4058; x_wconf 87' lang='lat' dir='ltr'><strong>metris.</strong></span> 
     </span>
     <span class='ocr_line' id='line_1_23' title="bbox 326 4147 1894 4244; baseline -0.001 -28"><span class='ocrx_word' id='word_1_198' title='bbox 326 4149 420 4216; x_wconf 86' lang='lat' dir='ltr'><strong>Unde</strong></span> <span class='ocrx_word' id='word_1_199' title='bbox 441 4147 549 4237; x_wconf 89' lang='lat' dir='ltr'><strong>liquet</strong></span> <span class='ocrx_word' id='word_1_200' title='bbox 579 4148 626 4215; x_wconf 92' lang='lat' dir='ltr'><strong>ibi</strong></span> <span class='ocrx_word' id='word_1_201' title='bbox 652 4150 756 4218; x_wconf 90' lang='lat' dir='ltr'><strong>multo</strong></span> <span class='ocrx_word' id='word_1_202' title='bbox 787 4152 924 4219; x_wconf 84' lang='lat' dir='ltr'><strong>celerius</strong></span> <span class='ocrx_word' id='word_1_203' title='bbox 955 4174 1136 4222; x_wconf 79' lang='lat' dir='ltr'><strong>accrescere</strong></span> <span class='ocrx_word' id='word_1_204' title='bbox 1160 4154 1320 4240; x_wconf 87' lang='lat' dir='ltr'><strong>calorem,</strong></span> <span class='ocrx_word' id='word_1_205' title='bbox 1349 4176 1449 4244; x_wconf 90' lang='lat' dir='ltr'><strong>quam</strong></span> <span class='ocrx_word' id='word_1_206' title='bbox 1481 4153 1516 4220; x_wconf 92' lang='lat' dir='ltr'><strong>in</strong></span> <span class='ocrx_word' id='word_1_207' title='bbox 1538 4148 1662 4219; x_wconf 77' lang='lat' dir='ltr'><strong>fodinis</strong></span> <span class='ocrx_word' id='word_1_208' title='bbox 1687 4171 1789 4240; x_wconf 89' lang='lat' dir='ltr'><strong>prope</strong></span> <span class='ocrx_word' id='word_1_209' title='bbox 1811 4153 1894 4218; x_wconf 83' lang='lat' dir='ltr'><strong>Car·</strong></span> 
     </span>
     <span class='ocr_line' id='line_1_24' title="bbox 325 4330 454 4378; baseline -0.008 -2"><span class='ocrx_word' id='word_1_210' title='bbox 325 4330 454 4378; x_wconf 87' lang='lat' dir='ltr'><strong>meaux.</strong></span> 
     </span>
    </p>

    <p class='ocr_par' dir='ltr' id='par_1_10' title="bbox 327 4466 1895 4722">
     <span class='ocr_line' id='line_1_25' title="bbox 416 4466 1895 4565; baseline 0.001 -31"><span class='ocrx_word' id='word_1_211' title='bbox 416 4470 526 4537; x_wconf 82' lang='lat' dir='ltr'><strong>Monet</strong></span> <span class='ocrx_word' id='word_1_212' title='bbox 545 4467 610 4536; x_wconf 88' lang='lat' dir='ltr'><strong>hoc</strong></span> <span class='ocrx_word' id='word_1_213' title='bbox 632 4466 705 4536; x_wconf 88' lang='lat' dir='ltr'><strong>loeo</strong></span> <span class='ocrx_word' id='word_1_214' title='bbox 721 4488 922 4565; x_wconf 19' lang='lat' dir='ltr'><strong>ymnorum,</strong></span> <span class='ocrx_word' id='word_1_215' title='bbox 945 4469 1052 4540; x_wconf 87' lang='lat' dir='ltr'><strong>fontes</strong></span> <span class='ocrx_word' id='word_1_216' title='bbox 1072 4494 1177 4562; x_wconf 90' lang='lat' dir='ltr'><strong>aquae</strong></span> <span class='ocrx_word' id='word_1_217' title='bbox 1198 4472 1303 4540; x_wconf 89' lang='lat' dir='ltr'><strong>duleis</strong></span> <span class='ocrx_word' id='word_1_218' title='bbox 1322 4493 1497 4563; x_wconf 86' lang='lat' dir='ltr'><strong>perennes,</strong></span> <span class='ocrx_word' id='word_1_219' title='bbox 1518 4490 1614 4559; x_wconf 89' lang='lat' dir='ltr'><strong>saepe</strong></span> <span class='ocrx_word' id='word_1_220' title='bbox 1634 4467 1790 4558; x_wconf 86' lang='lat' dir='ltr'><strong>praebere</strong></span> <span class='ocrx_word' id='word_1_221' title='bbox 1808 4467 1895 4556; x_wconf 84' lang='lat' dir='ltr'><strong>opti·</strong></span> 
     </span>
     <span class='ocr_line' id='line_1_26' title="bbox 327 4626 1893 4722; baseline -0.001 -33"><span class='ocrx_word' id='word_1_222' title='bbox 327 4645 416 4689; x_wconf 90' lang='lat' dir='ltr'><strong>mam</strong></span> <span class='ocrx_word' id='word_1_223' title='bbox 446 4626 725 4715; x_wconf 87' lang='lat' dir='ltr'><strong>opportunitatem</strong></span> <span class='ocrx_word' id='word_1_224' title='bbox 750 4628 793 4695; x_wconf 90' lang='lat' dir='ltr'><strong>ad</strong></span> <span class='ocrx_word' id='word_1_225' title='bbox 823 4629 1108 4698; x_wconf 88' lang='lat' dir='ltr'><strong>determinandam</strong></span> <span class='ocrx_word' id='word_1_226' title='bbox 1137 4645 1391 4722; x_wconf 87' lang='lat' dir='ltr'><strong>temperaturam</strong></span> <span class='ocrx_word' id='word_1_227' title='bbox 1415 4629 1560 4699; x_wconf 91' lang='lat' dir='ltr'><strong>mediam</strong></span> <span class='ocrx_word' id='word_1_228' title='bbox 1586 4629 1749 4720; x_wconf 88' lang='lat' dir='ltr'><strong>regionis,</strong></span> <span class='ocrx_word' id='word_1_229' title='bbox 1771 4626 1806 4691; x_wconf 94' lang='lat' dir='ltr'><strong>in</strong></span> <span class='ocrx_word' id='word_1_230' title='bbox 1830 4648 1893 4712; x_wconf 86' lang='lat' dir='ltr'><strong>qua</strong></span> 
     </span>
    </p>
   </div>
   <div class='ocr_carea' id='block_1_5' title="bbox 329 4779 1896 4880">
    <p class='ocr_par' dir='ltr' id='par_1_11' title="bbox 329 4779 1896 4880">
     <span class='ocr_line' id='line_1_27' title="bbox 329 4779 1896 4880; baseline 0.006 -30"><span class='ocrx_word' id='word_1_231' title='bbox 329 4779 553 4864; x_wconf 86' lang='lat' dir='ltr'><strong>inveniantur,</strong></span> <span class='ocrx_word' id='word_1_232' title='bbox 581 4781 732 4871; x_wconf 88' lang='lat' dir='ltr'><strong>inprimis</strong></span> <span class='ocrx_word' id='word_1_233' title='bbox 753 4785 780 4852; x_wconf 89' lang='lat' dir='ltr'><strong>si</strong></span> <span class='ocrx_word' id='word_1_234' title='bbox 805 4787 916 4876; x_wconf 89' lang='lat' dir='ltr'><strong>plures</strong></span> <span class='ocrx_word' id='word_1_235' title='bbox 935 4789 1193 4878; x_wconf 85' lang='lat' dir='ltr'><strong>observationes,</strong></span> <span class='ocrx_word' id='word_1_236' title='bbox 1215 4790 1312 4860; x_wconf 86' lang='lat' dir='ltr'><strong>certis</strong></span> <span class='ocrx_word' id='word_1_237' title='bbox 1331 4790 1410 4859; x_wconf 91' lang='lat' dir='ltr'><strong>anni</strong></span> <span class='ocrx_word' id='word_1_238' title='bbox 1432 4788 1653 4880; x_wconf 83' lang='lat' dir='ltr'><strong>temporibus,</strong></span> <span class='ocrx_word' id='word_1_239' title='bbox 1676 4780 1803 4857; x_wconf 70' lang='lat' dir='ltr'><strong>institui</strong></span> <span class='ocrx_word' id='word_1_240' title='bbox 1820 4800 1896 4868; x_wconf 75' lang='lat' dir='ltr'>POS-</span> 
     </span>
    </p>
   </div>
   <div class='ocr_carea' id='block_1_6' title="bbox 0 0 2237 6052">
    <p class='ocr_par' dir='ltr' id='par_1_12' title="bbox 0 0 2237 6052">
     <span class='ocr_line' id='line_1_28' title="bbox 0 0 2237 6052; baseline 0 0"><span class='ocrx_word' id='word_1_241' title='bbox 0 0 2237 6052; x_wconf 95' lang='lat' dir='ltr'><strong> </strong></span> 
     </span>
    </p>
   </div>
  </div>
 </body>
</html>
