4440 6060
1094 595 1135 660 tr

413 774 546 866 Summa
574 797 716 888 ipsarum
744 794 1006 865 observationum
1031 794 1115 862 haee
1139 804 1208 880 est,
1242 797 1335 884 quod
1364 795 1528 865 invenerit
1550 795 1791 863 incrementum
1815 815 1892 860 me-

296 968 300 975 '
324 958 419 1025 'dium
441 957 556 1026 caloris
580 962 633 1042 1⁰,
657 978 717 1047 pro
737 954 913 1023 altitudine
939 960 982 1022 50
1007 967 1198 1025 metrorum.
1235 954 1298 1039 Qui
1325 970 1459 1024 eventus
1481 955 1558 1024 satis
1578 953 1766 1022 notabiliter
1785 977 1803 1018 a
1822 952 1897 1042 ple-

326 1116 435 1205 risque
454 1114 527 1182 aliis
544 1113 666 1182 differt.

414 1432 454 1495 ln
479 1429 592 1498 Suesia
622 1428 667 1519 (l)
691 1428 930 1499 observationes
960 1429 1067 1499 factae
1087 1444 1165 1498 sunt
1192 1429 1356 1521 praefecto
1376 1427 1499 1497 fodinis
1520 1448 1659 1494 meonso
1681 1449 1893 1507 winimaro,

325 1586 360 1653 in
385 1585 507 1654 fodinis
532 1610 634 1679 prope
655 1587 794 1657 Fahlun.
835 1592 903 1656 Hae
929 1589 1023 1659 valde
1051 1591 1265 1683 irregularem
1290 1588 1521 1677 diversumque
1542 1597 1695 1654 eventurn
1722 1585 1892 1675 praebue-
1923 1678 1930 1693 .

324 1758 413 1812 runt.
442 1748 512 1812 llna
542 1767 593 1813 res
617 1757 729 1843 tamen
749 1718 884 1816 omnino
911 1760 1026 1816 notatu
1051 1750 1155 1843 digna
1176 1763 1235 1818 est.
1274 1753 1314 1816 ln
1336 1745 1512 1816 altitudine
1537 1746 1662 1815 scilieet
1683 1744 1811 1815 circiter
1834 1753 1896 1816 190

324 1916 523 1988 metrorum,
550 1905 637 1972 infra
659 1906 720 1974 soli
742 1907 969 1998 superficiem,
993 1930 1068 2002 pars
1092 1913 1227 2010 fodinae
1244 1924 1321 1979 ante
1345 1908 1466 2002 viginti
1498 1929 1601 1975 annos
1626 1873 1794 1974 combusta
1823 1905 1898 1973 flie-

324 2074 386 2128 rat.
432 2062 717 2132 Thermometrum
733 2066 834 2157 hujus
854 2068 1000 2138 incendii
1021 2072 1158 2165 vestigia
1184 2073 1353 2158 indicarit,
1375 2093 1481 2162 quum
1498 2069 1546 2137 ibi
1566 2066 1897 2159 temperaturamulto

326 2221 449 2291 auctior
472 2235 543 2293 erat
565 2228 668 2312 quam
691 2227 726 2293 in
751 2227 830 2295 loeis
852 2229 946 2297 haud
971 2231 1314 2322 longe³distantibust
1342 2244 1443 2320 atque
1463 2228 1547 2297 adeo
1566 2235 1658 2296 37⁰5.
1682 2226 1778 2312 Quod
1798 2227 1897 2315 phae-

325 2403 491 2450 nomenon
512 2384 647 2474 egregie
668 2386 812 2454 ostendit
833 2409 933 2476 quam
954 2389 1043 2458 lente
1061 2391 1218 2481 procedat
1236 2388 1442 2481 refrigeratio
1461 2408 1623 2455 saxorum.

1227 2576 1231 2585 ·
1274 2560 1281 2591 s
1356 2540 1378 2599 ,i

415 2699 554 2766 lnItalia
566 2721 697 2790 quoque
707 2702 946 2775 observationes
961 2709 1203 2799 geothermieae
1214 2710 1318 2777 faetae
1328 2721 1415 2777 sunt.
1428 2712 1519 2776 Inter
1528 2707 1589 2775 has
1601 2706 1821 2800 praecaeteris
1831 2729 1898 2774 me·

326 2866 465 2924 moratas
483 2855 630 2925 ridemus
651 2859 892 2934 observationes
909 2890 1112 2937 ssanomrnr
1128 2870 1173 2961 (2)
1197 2870 1234 2937 in
1255 2869 1379 2939 fodinis
1395 2892 1514 2938 aurum
1533 2866 1780 2936 continentibus
1793 2888 1896 2957 prope

325 3015 544 3084 Pestarenam
569 3020 609 3084 di
631 3020 872 3113 Maeugrso'na,
898 3025 935 3093 in
953 3027 1038 3095 valle
1059 3030 1233 3115 Anzesca,
1260 3052 1345 3118 quae
1370 3030 1458 3120 jacet
1487 3028 1522 3095 in
1549 3026 1685 3119 regione
1715 3026 1897 3093 Pedemon-

325 3186 412 3239 tana.
448 3174 536 3242 Sitae
558 3188 635 3242 sunt
660 3178 725 3246 hae
746 3179 881 3251 fodinae
908 3184 1183 3274 profundissimae
1207 3187 1241 3254 in
1256 3199 1368 3256 monte
1389 3210 1429 3255 ex
1454 3188 1563 3279 gneiss
1586 3199 1774 3272 constante,
1798 3199 1897 3275 atque
1998 3289 2002 3297 ἰ

236 3386 241 3397 ,
323 3332 435 3402 basem
454 3333 602 3426 fingente
623 3339 744 3406 montis
767 3338 848 3408 dicti
870 3343 988 3410 Monte
1012 3344 1128 3431 Mero,
1155 3347 1395 3415 monti-Rosos
1419 3344 1530 3415 vieini.
1578 3302 1824 3416 Thermemetm
1851 3347 1896 3414 ita

322 3515 473 3582 suspensa
488 3495 634 3583 fuerunt,
659 3510 697 3566 ut
717 3498 902 3569 indicarent
921 3515 1176 3594 temperaturam
1201 3507 1269 3573 saxi
1293 3518 1326 3575 et
1350 3528 1457 3598 aquae
1470 3505 1506 3573 in
1532 3506 1692 3574 cuniculis
1714 3506 1894 3575 oonfluxae.

368 3733 372 3739 .
412 3660 457 3722 1⁰.
504 3656 753 3728 Observationes
778 3659 933 3731 instituae
953 3661 1089 3732 fuerunt
1114 3665 1148 3732 d.
1176 3673 1216 3734 13
1243 3666 1350 3734 Martii
1376 3668 1480 3756 quum
1500 3656 1731 3757 temperatura
1761 3665 1797 3732 in
1822 3675 1895 3733 aere

323 3821 405 3877 esset
424 3818 492 3880 3⁰8.

635 3988 638 3995 ¹
687 4001 899 4083 Temperatura
927 4004 1007 4065 Saxi.
1089 4006 1193 4087 Temp.
1215 4027 1309 4090 aquam
1388 3984 1523 4105 Altitudo

1090 4111 1122 4169 in
1145 4110 1302 4199 cuniculis.
1357 4109 1553 4171 infrasolum.

665 4288 668 4295 ·
774 4246 810 4317 05
851 4292 860 4317 a
904 4294 911 4317 .-
958 4299 967 4319 .
1010 4274 1071 4320 .¹'·
1114 4260 1217 4322 10⁰3.
1262 4290 1377 4323 .·..
1462 4246 1592 4322 Ometr.

546 4458 551 4471 .
728 4409 813 4497 35⁰1.
848 4447 968 4495 μμ
1010 4450 1071 4474 ...
1099 4411 1478 4493 1,1(1”2ο,,..,.,.ῐτ.50
1626 4454 1650 4489 .:

433 4596 585 4637 ,.ι,..η
754 4620 758 4633 ,
976 4620 1038 4647 ΠΙ.

386 4640 425 4748 (1)1
459 4612 519 4731 θ’.Ι
555 4642 911 4750 'idrsnalenfflvlpfdh

385 4792 423 4863 (a)
457 4778 1063 4867 BngsatetttGiamata‚cst.'1881pag.⁴'d⁷.
1185 4794 1191 4813 ¹
1233 4792 1238 4805 ·
1292 4800 1296 4809 ·
