<?xml version="1.0" encoding="UTF-8"?>
<!DOCTYPE html PUBLIC "-//W3C//DTD XHTML 1.0 Transitional//EN"
    "http://www.w3.org/TR/xhtml1/DTD/xhtml1-transitional.dtd">
<html xmlns="http://www.w3.org/1999/xhtml" xml:lang="en" lang="en">
 <head>
  <title>
</title>
<meta http-equiv="Content-Type" content="text/html;charset=utf-8" />
  <meta name='ocr-system' content='tesseract 3.04.00' />
  <meta name='ocr-capabilities' content='ocr_page ocr_carea ocr_par ocr_line ocrx_word'/>
</head>
<body>
  <div class='ocr_page' id='page_1' title='image "./decaloretelluri00vrolgoog_0054.png"; bbox 0 0 4440 6060; ppageno 0'>
   <div class='ocr_carea' id='block_1_1' title="bbox 1086 605 1129 668">
    <p class='ocr_par' dir='ltr' id='par_1_1' title="bbox 1086 605 1129 668">
     <span class='ocr_line' id='line_1_1' title="bbox 1086 605 1129 668; baseline -0.047 0"><span class='ocrx_word' id='word_1_1' title='bbox 1086 605 1129 668; x_wconf 78' lang='lat' dir='ltr'>tt</span> 
     </span>
    </p>
   </div>
   <div class='ocr_carea' id='block_1_2' title="bbox 327 805 1898 1220">
    <p class='ocr_par' dir='ltr' id='par_1_2' title="bbox 327 805 1898 1220">
     <span class='ocr_line' id='line_1_2' title="bbox 415 805 1426 915; baseline -0.017 -27"><span class='ocrx_word' id='word_1_2' title='bbox 415 818 527 888; x_wconf 81' lang='lat' dir='ltr'>Venae</span> <span class='ocrx_word' id='word_1_3' title='bbox 548 812 659 881; x_wconf 69' lang='lat' dir='ltr'>sunni</span> <span class='ocrx_word' id='word_1_4' title='bbox 675 821 770 880; x_wconf 87' lang='lat' dir='ltr'>erant</span> <span class='ocrx_word' id='word_1_5' title='bbox 786 809 982 900; x_wconf 86' lang='lat' dir='ltr'>plerumque</span> <span class='ocrx_word' id='word_1_6' title='bbox 1001 805 1190 898; x_wconf 71' lang='lat' dir='ltr'>frigidiores</span> <span class='ocrx_word' id='word_1_7' title='bbox 1210 806 1301 875; x_wconf 85' lang='lat' dir='ltr'>venis</span> <span class='ocrx_word' id='word_1_8' title='bbox 1322 806 1426 915; x_wconf 85' lang='lat' dir='ltr'>cupri.</span> 
     </span>
     <span class='ocr_line' id='line_1_3' title="bbox 416 963 1898 1058; baseline -0.006 -19"><span class='ocrx_word' id='word_1_9' title='bbox 416 975 458 1039; x_wconf 91' lang='lat' dir='ltr'>ln</span> <span class='ocrx_word' id='word_1_10' title='bbox 483 971 588 1039; x_wconf 87' lang='lat' dir='ltr'>fundo</span> <span class='ocrx_word' id='word_1_11' title='bbox 608 968 742 1038; x_wconf 76' lang='lat' dir='ltr'>fodinae</span> <span class='ocrx_word' id='word_1_12' title='bbox 764 969 949 1051; x_wconf 71' lang='lat' dir='ltr'>bonuau,</span> <span class='ocrx_word' id='word_1_13' title='bbox 975 965 1012 1033; x_wconf 92' lang='lat' dir='ltr'>in</span> <span class='ocrx_word' id='word_1_14' title='bbox 1034 964 1211 1034; x_wconf 81' lang='lat' dir='ltr'>altitudine</span> <span class='ocrx_word' id='word_1_15' title='bbox 1238 970 1304 1032; x_wconf 79' lang='grc'>439</span> <span class='ocrx_word' id='word_1_16' title='bbox 1324 963 1521 1053; x_wconf 75' lang='lat' dir='ltr'>metrorum,</span> <span class='ocrx_word' id='word_1_17' title='bbox 1541 965 1732 1058; x_wconf 77' lang='lat' dir='ltr'>prosiliebat</span> <span class='ocrx_word' id='word_1_18' title='bbox 1750 987 1791 1035; x_wconf 81' lang='lat' dir='ltr'>ex</span> <span class='ocrx_word' id='word_1_19' title='bbox 1815 986 1898 1032; x_wconf 83' lang='lat' dir='ltr'>vena</span> 
     </span>
     <span class='ocr_line' id='line_1_4' title="bbox 327 1125 1896 1220; baseline -0.007 -20"><span class='ocrx_word' id='word_1_20' title='bbox 327 1131 400 1201; x_wconf 90' lang='lat' dir='ltr'>fons</span> <span class='ocrx_word' id='word_1_21' title='bbox 414 1151 530 1219; x_wconf 87' lang='lat' dir='ltr'>aquae,</span> <span class='ocrx_word' id='word_1_22' title='bbox 545 1130 637 1220; x_wconf 85' lang='lat' dir='ltr'>eujus</span> <span class='ocrx_word' id='word_1_23' title='bbox 649 1138 869 1219; x_wconf 77' lang='lat' dir='ltr'>temperatura</span> <span class='ocrx_word' id='word_1_24' title='bbox 892 1139 1040 1195; x_wconf 69' lang='lat' dir='ltr'>consens</span> <span class='ocrx_word' id='word_1_25' title='bbox 1058 1139 1127 1193; x_wconf 91' lang='lat' dir='ltr'>erat</span> <span class='ocrx_word' id='word_1_26' title='bbox 1145 1131 1236 1193; x_wconf 83' lang='grc'><strong>2708.</strong></span> <span class='ocrx_word' id='word_1_27' title='bbox 1265 1125 1416 1213; x_wconf 82' lang='lat' dir='ltr'>»Ecquid</span> <span class='ocrx_word' id='word_1_28' title='bbox 1429 1127 1694 1216; x_wconf 78' lang='lat' dir='ltr'>argumentum‚”</span> <span class='ocrx_word' id='word_1_29' title='bbox 1710 1126 1758 1194; x_wconf 90' lang='lat' dir='ltr'>ait</span> <span class='ocrx_word' id='word_1_30' title='bbox 1773 1148 1896 1205; x_wconf 80' lang='lat' dir='ltr'>renus,</span> 
     </span>
    </p>
   </div>
   <div class='ocr_carea' id='block_1_3' title="bbox 326 1282 1873 1380">
    <p class='ocr_par' dir='ltr' id='par_1_3' title="bbox 326 1282 1873 1380">
     <span class='ocr_line' id='line_1_5' title="bbox 326 1282 1873 1380; baseline -0.005 -24"><span class='ocrx_word' id='word_1_31' title='bbox 326 1287 455 1380; x_wconf 73' lang='lat' dir='ltr'>»magis</span> <span class='ocrx_word' id='word_1_32' title='bbox 470 1287 692 1378; x_wconf 75' lang='lat' dir='ltr'>perspicuum,</span> <span class='ocrx_word' id='word_1_33' title='bbox 707 1286 778 1354; x_wconf 88' lang='lat' dir='ltr'>dari</span> <span class='ocrx_word' id='word_1_34' title='bbox 792 1285 894 1377; x_wconf 87' lang='lat' dir='ltr'>possit</span> <span class='ocrx_word' id='word_1_35' title='bbox 907 1284 1021 1376; x_wconf 79' lang='lat' dir='ltr'>magni</span> <span class='ocrx_word' id='word_1_36' title='bbox 1043 1283 1158 1353; x_wconf 81' lang='lat' dir='ltr'>caloris</span> <span class='ocrx_word' id='word_1_37' title='bbox 1172 1296 1348 1354; x_wconf 88' lang='lat' dir='ltr'>stratorum</span> <span class='ocrx_word' id='word_1_38' title='bbox 1363 1283 1557 1352; x_wconf 82' lang='lat' dir='ltr'>inferiorum</span> <span class='ocrx_word' id='word_1_39' title='bbox 1577 1285 1705 1354; x_wconf 86' lang='lat' dir='ltr'>telluris</span> <span class='ocrx_word' id='word_1_40' title='bbox 1723 1282 1873 1354; x_wconf 84' lang='lat' dir='ltr'>nostrae?</span> 
     </span>
    </p>
   </div>
   <div class='ocr_carea' id='block_1_4' title="bbox 413 1443 1899 1534">
    <p class='ocr_par' dir='ltr' id='par_1_4' title="bbox 413 1443 1899 1534">
     <span class='ocr_line' id='line_1_6' title="bbox 413 1443 1899 1534; baseline -0.003 -22"><span class='ocrx_word' id='word_1_41' title='bbox 413 1444 532 1512; x_wconf 79' lang='lat' dir='ltr'>Antliis</span> <span class='ocrx_word' id='word_1_42' title='bbox 563 1450 684 1533; x_wconf 77' lang='lat' dir='ltr'>aquam</span> <span class='ocrx_word' id='word_1_43' title='bbox 711 1444 982 1513; x_wconf 83' lang='lat' dir='ltr'>exhaurientibus</span> <span class='ocrx_word' id='word_1_44' title='bbox 1010 1467 1049 1513; x_wconf 84' lang='lat' dir='ltr'>ex</span> <span class='ocrx_word' id='word_1_45' title='bbox 1091 1444 1206 1513; x_wconf 89' lang='lat' dir='ltr'>fodina</span> <span class='ocrx_word' id='word_1_46' title='bbox 1244 1446 1369 1516; x_wconf 64' lang='lat' dir='ltr'>united</span> <span class='ocrx_word' id='word_1_47' title='bbox 1389 1443 1503 1513; x_wconf 68' lang='lat' dir='ltr'>Miner</span> <span class='ocrx_word' id='word_1_48' title='bbox 1532 1465 1592 1534; x_wconf 92' lang='lat' dir='ltr'>per</span> <span class='ocrx_word' id='word_1_49' title='bbox 1613 1443 1747 1532; x_wconf 88' lang='lat' dir='ltr'>aliquod</span> <span class='ocrx_word' id='word_1_50' title='bbox 1770 1455 1899 1531; x_wconf 86' lang='lat' dir='ltr'>tempus</span> 
     </span>
    </p>
   </div>
   <div class='ocr_carea' id='block_1_5' title="bbox 228 1601 1900 1684">
    <p class='ocr_par' dir='ltr' id='par_1_5' title="bbox 228 1601 1900 1684">
     <span class='ocr_line' id='line_1_7' title="bbox 228 1601 1900 1684; baseline -0.005 -11"><span class='ocrx_word' id='word_1_51' title='bbox 228 1620 235 1635; x_wconf 86' lang='lat'><strong>·</strong></span> <span class='ocrx_word' id='word_1_52' title='bbox 326 1604 484 1684; x_wconf 87' lang='lat' dir='ltr'>turbatis,</span> <span class='ocrx_word' id='word_1_53' title='bbox 508 1603 574 1673; x_wconf 92' lang='lat' dir='ltr'>duo</span> <span class='ocrx_word' id='word_1_54' title='bbox 595 1602 740 1671; x_wconf 86' lang='lat' dir='ltr'>cuniculi</span> <span class='ocrx_word' id='word_1_55' title='bbox 762 1603 922 1672; x_wconf 76' lang='lat' dir='ltr'>submersi</span> <span class='ocrx_word' id='word_1_56' title='bbox 943 1601 1097 1683; x_wconf 89' lang='lat' dir='ltr'>fuerunt,</span> <span class='ocrx_word' id='word_1_57' title='bbox 1119 1603 1155 1670; x_wconf 91' lang='lat' dir='ltr'>in</span> <span class='ocrx_word' id='word_1_58' title='bbox 1174 1603 1351 1672; x_wconf 89' lang='lat' dir='ltr'>altitudine</span> <span class='ocrx_word' id='word_1_59' title='bbox 1368 1608 1433 1672; x_wconf 83' lang='grc'>366</span> <span class='ocrx_word' id='word_1_60' title='bbox 1450 1614 1483 1671; x_wconf 90' lang='lat' dir='ltr'>et</span> <span class='ocrx_word' id='word_1_61' title='bbox 1494 1607 1558 1670; x_wconf 84' lang='grc'>647</span> <span class='ocrx_word' id='word_1_62' title='bbox 1570 1613 1762 1670; x_wconf 86' lang='lat' dir='ltr'>metrorum.</span> <span class='ocrx_word' id='word_1_63' title='bbox 1808 1601 1900 1666; x_wconf 90' lang='lat' dir='ltr'>Istud</span> 
     </span>
    </p>
   </div>
   <div class='ocr_carea' id='block_1_6' title="bbox 325 1757 1899 2170">
    <p class='ocr_par' dir='ltr' id='par_1_6' title="bbox 325 1757 1899 2170">
     <span class='ocr_line' id='line_1_8' title="bbox 326 1757 1899 1854; baseline -0.004 -25"><span class='ocrx_word' id='word_1_64' title='bbox 326 1764 372 1830; x_wconf 88' lang='lat' dir='ltr'>ita</span> <span class='ocrx_word' id='word_1_65' title='bbox 392 1785 452 1853; x_wconf 85' lang='lat' dir='ltr'>per</span> <span class='ocrx_word' id='word_1_66' title='bbox 472 1764 555 1832; x_wconf 90' lang='lat' dir='ltr'>duos</span> <span class='ocrx_word' id='word_1_67' title='bbox 577 1763 648 1833; x_wconf 84' lang='lat' dir='ltr'>dies</span> <span class='ocrx_word' id='word_1_68' title='bbox 668 1762 825 1832; x_wconf 87' lang='lat' dir='ltr'>obtinuit.</span> <span class='ocrx_word' id='word_1_69' title='bbox 872 1763 991 1831; x_wconf 73' lang='lat' dir='ltr'>Antliis</span> <span class='ocrx_word' id='word_1_70' title='bbox 1013 1764 1144 1833; x_wconf 84' lang='lat' dir='ltr'>refectis</span> <span class='ocrx_word' id='word_1_71' title='bbox 1164 1776 1197 1832; x_wconf 95' lang='lat' dir='ltr'>et</span> <span class='ocrx_word' id='word_1_72' title='bbox 1215 1786 1300 1854; x_wconf 86' lang='lat' dir='ltr'>aqua</span> <span class='ocrx_word' id='word_1_73' title='bbox 1320 1763 1495 1846; x_wconf 84' lang='lat' dir='ltr'>exhaustu,</span> <span class='ocrx_word' id='word_1_74' title='bbox 1517 1783 1629 1828; x_wconf 78' lang='lat' dir='ltr'>nonus</span> <span class='ocrx_word' id='word_1_75' title='bbox 1650 1758 1686 1825; x_wconf 91' lang='lat' dir='ltr'>in</span> <span class='ocrx_word' id='word_1_76' title='bbox 1705 1757 1777 1825; x_wconf 89' lang='lat' dir='ltr'>illos</span> <span class='ocrx_word' id='word_1_77' title='bbox 1797 1757 1899 1824; x_wconf 88' lang='lat' dir='ltr'>euni-</span> 
     </span>
     <span class='ocr_line' id='line_1_9' title="bbox 326 1916 1899 2015; baseline -0.006 -27"><span class='ocrx_word' id='word_1_78' title='bbox 326 1921 414 1990; x_wconf 84' lang='lat' dir='ltr'>eulos</span> <span class='ocrx_word' id='word_1_79' title='bbox 438 1920 629 2008; x_wconf 85' lang='lat' dir='ltr'>deseendit,</span> <span class='ocrx_word' id='word_1_80' title='bbox 651 1934 684 1989; x_wconf 91' lang='lat' dir='ltr'>et</span> <span class='ocrx_word' id='word_1_81' title='bbox 709 1921 836 1990; x_wconf 82' lang='lat' dir='ltr'>invenit</span> <span class='ocrx_word' id='word_1_82' title='bbox 856 1920 891 1988; x_wconf 92' lang='lat' dir='ltr'>in</span> <span class='ocrx_word' id='word_1_83' title='bbox 916 1922 1026 2011; x_wconf 89' lang='lat' dir='ltr'>priore</span> <span class='ocrx_word' id='word_1_84' title='bbox 1048 1935 1305 2015; x_wconf 87' lang='lat' dir='ltr'>temperaturam</span> <span class='ocrx_word' id='word_1_85' title='bbox 1332 1925 1430 2006; x_wconf 86' lang='grc'><strong>6101,</strong></span> <span class='ocrx_word' id='word_1_86' title='bbox 1452 1920 1489 1988; x_wconf 90' lang='lat' dir='ltr'>in</span> <span class='ocrx_word' id='word_1_87' title='bbox 1511 1917 1689 2010; x_wconf 89' lang='lat' dir='ltr'>posteriore</span> <span class='ocrx_word' id='word_1_88' title='bbox 1712 1920 1803 1985; x_wconf 81' lang='grc'><strong>6006.</strong></span> <span class='ocrx_word' id='word_1_89' title='bbox 1856 1916 1899 1979; x_wconf 84' lang='lat' dir='ltr'>Ut</span> 
     </span>
     <span class='ocr_line' id='line_1_10' title="bbox 325 2076 1899 2170; baseline -0.006 -21"><span class='ocrx_word' id='word_1_90' title='bbox 325 2081 432 2149; x_wconf 92' lang='lat' dir='ltr'>omnis</span> <span class='ocrx_word' id='word_1_91' title='bbox 457 2102 548 2149; x_wconf 87' lang='lat' dir='ltr'>error</span> <span class='ocrx_word' id='word_1_92' title='bbox 569 2081 744 2165; x_wconf 82' lang='lat' dir='ltr'>vitaretur,</span> <span class='ocrx_word' id='word_1_93' title='bbox 766 2079 900 2149; x_wconf 87' lang='lat' dir='ltr'>demisit</span> <span class='ocrx_word' id='word_1_94' title='bbox 920 2082 1059 2151; x_wconf 91' lang='lat' dir='ltr'>bulbum</span> <span class='ocrx_word' id='word_1_95' title='bbox 1083 2080 1313 2150; x_wconf 90' lang='lat' dir='ltr'>thermometri</span> <span class='ocrx_word' id='word_1_96' title='bbox 1337 2080 1463 2169; x_wconf 88' lang='lat' dir='ltr'>aliquot</span> <span class='ocrx_word' id='word_1_97' title='bbox 1486 2077 1661 2170; x_wconf 82' lang='lat' dir='ltr'>pollicibus</span> <span class='ocrx_word' id='word_1_98' title='bbox 1686 2076 1771 2143; x_wconf 89' lang='lat' dir='ltr'>infra</span> <span class='ocrx_word' id='word_1_99' title='bbox 1792 2076 1899 2164; x_wconf 85' lang='lat' dir='ltr'>ipsum</span> 
     </span>
    </p>
   </div>
   <div class='ocr_carea' id='block_1_7' title="bbox 325 2237 611 2307">
    <p class='ocr_par' dir='ltr' id='par_1_7' title="bbox 325 2237 611 2307">
     <span class='ocr_line' id='line_1_11' title="bbox 325 2237 611 2307; baseline -0.01 0"><span class='ocrx_word' id='word_1_100' title='bbox 325 2239 429 2307; x_wconf 89' lang='lat' dir='ltr'>solum</span> <span class='ocrx_word' id='word_1_101' title='bbox 438 2249 442 2257; x_wconf 90' lang='lat'>&#39;</span> <span class='ocrx_word' id='word_1_102' title='bbox 452 2237 611 2307; x_wconf 81' lang='lat' dir='ltr'>cuniculi.</span> 
     </span>
    </p>
   </div>
   <div class='ocr_carea' id='block_1_8' title="bbox 412 2363 1899 2486">
    <p class='ocr_par' dir='ltr' id='par_1_8' title="bbox 412 2363 1899 2486">
     <span class='ocr_line' id='line_1_12' title="bbox 412 2363 1899 2486; baseline -0.003 -23"><span class='ocrx_word' id='word_1_103' title='bbox 412 2363 565 2463; x_wconf 78' lang='lat' dir='ltr'>Instituta</span> <span class='ocrx_word' id='word_1_104' title='bbox 595 2374 722 2486; x_wconf 66' lang='lat' dir='ltr'>malpsi</span> <span class='ocrx_word' id='word_1_105' title='bbox 750 2417 909 2484; x_wconf 87' lang='lat' dir='ltr'>aquarum</span> <span class='ocrx_word' id='word_1_106' title='bbox 939 2397 1129 2467; x_wconf 85' lang='lat' dir='ltr'>fodinarirm</span> <span class='ocrx_word' id='word_1_107' title='bbox 1159 2399 1323 2467; x_wconf 74' lang='lat' dir='ltr'>Boleoatlt</span> <span class='ocrx_word' id='word_1_108' title='bbox 1348 2411 1383 2466; x_wconf 93' lang='lat' dir='ltr'>et</span> <span class='ocrx_word' id='word_1_109' title='bbox 1406 2398 1533 2468; x_wconf 78' lang='lat' dir='ltr'>United</span> <span class='ocrx_word' id='word_1_110' title='bbox 1555 2396 1687 2480; x_wconf 76' lang='lat' dir='ltr'>Miner,</span> <span class='ocrx_word' id='word_1_111' title='bbox 1719 2415 1806 2482; x_wconf 88' lang='lat' dir='ltr'>quae</span> <span class='ocrx_word' id='word_1_112' title='bbox 1830 2403 1899 2459; x_wconf 90' lang='lat' dir='ltr'>tam</span> 
     </span>
    </p>
   </div>
   <div class='ocr_carea' id='block_1_9' title="bbox 325 2549 2020 2647">
    <p class='ocr_par' dir='ltr' id='par_1_9' title="bbox 325 2549 2020 2647">
     <span class='ocr_line' id='line_1_13' title="bbox 325 2549 2020 2647; baseline -0.005 -23"><span class='ocrx_word' id='word_1_113' title='bbox 325 2557 412 2625; x_wconf 86' lang='lat' dir='ltr'>clare</span> <span class='ocrx_word' id='word_1_114' title='bbox 433 2568 563 2624; x_wconf 86' lang='lat' dir='ltr'>auctam</span> <span class='ocrx_word' id='word_1_115' title='bbox 582 2554 799 2624; x_wconf 88' lang='lat' dir='ltr'>ostendebant</span> <span class='ocrx_word' id='word_1_116' title='bbox 818 2568 1090 2645; x_wconf 86' lang='lat' dir='ltr'>temperaturam,</span> <span class='ocrx_word' id='word_1_117' title='bbox 1112 2556 1240 2625; x_wconf 83' lang='lat' dir='ltr'>invenit</span> <span class='ocrx_word' id='word_1_118' title='bbox 1258 2562 1387 2637; x_wconf 79' lang='lat' dir='ltr'>sonus,</span> <span class='ocrx_word' id='word_1_119' title='bbox 1407 2555 1532 2647; x_wconf 88' lang='lat' dir='ltr'>priores</span> <span class='ocrx_word' id='word_1_120' title='bbox 1555 2554 1724 2624; x_wconf 74' lang='lat' dir='ltr'>continere</span> <span class='ocrx_word' id='word_1_121' title='bbox 1745 2549 1900 2621; x_wconf 90' lang='lat' dir='ltr'>nonnihil</span> <span class='ocrx_word' id='word_1_122' title='bbox 2015 2617 2020 2625; x_wconf 77' lang='grc'><strong>,</strong></span> 
     </span>
    </p>
   </div>
   <div class='ocr_carea' id='block_1_10' title="bbox 324 2709 1899 3606">
    <p class='ocr_par' dir='ltr' id='par_1_10' title="bbox 324 2709 1899 2966">
     <span class='ocr_line' id='line_1_14' title="bbox 324 2709 1899 2805; baseline -0.004 -23"><span class='ocrx_word' id='word_1_123' title='bbox 324 2714 474 2783; x_wconf 88' lang='lat' dir='ltr'>muriatis</span> <span class='ocrx_word' id='word_1_124' title='bbox 501 2714 615 2801; x_wconf 81' lang='lat' dir='ltr'>caleis,</span> <span class='ocrx_word' id='word_1_125' title='bbox 642 2726 676 2783; x_wconf 91' lang='lat' dir='ltr'>et</span> <span class='ocrx_word' id='word_1_126' title='bbox 696 2713 890 2805; x_wconf 85' lang='lat' dir='ltr'>posteriores</span> <span class='ocrx_word' id='word_1_127' title='bbox 911 2712 1066 2782; x_wconf 90' lang='lat' dir='ltr'>nonnihil</span> <span class='ocrx_word' id='word_1_128' title='bbox 1086 2712 1213 2781; x_wconf 87' lang='lat' dir='ltr'>sulfatis</span> <span class='ocrx_word' id='word_1_129' title='bbox 1233 2712 1314 2783; x_wconf 91' lang='lat' dir='ltr'>ferri</span> <span class='ocrx_word' id='word_1_130' title='bbox 1335 2726 1369 2783; x_wconf 91' lang='lat' dir='ltr'>et</span> <span class='ocrx_word' id='word_1_131' title='bbox 1391 2712 1506 2798; x_wconf 87' lang='lat' dir='ltr'>calcis,</span> <span class='ocrx_word' id='word_1_132' title='bbox 1539 2711 1652 2781; x_wconf 88' lang='lat' dir='ltr'>ambas</span> <span class='ocrx_word' id='word_1_133' title='bbox 1673 2725 1784 2780; x_wconf 84' lang='lat' dir='ltr'>tamen</span> <span class='ocrx_word' id='word_1_134' title='bbox 1805 2709 1899 2778; x_wconf 82' lang='lat' dir='ltr'>valde</span> 
     </span>
     <span class='ocr_line' id='line_1_15' title="bbox 324 2873 658 2966; baseline -0.006 -25"><span class='ocrx_word' id='word_1_135' title='bbox 324 2874 441 2966; x_wconf 76' lang='lat' dir='ltr'>exigua</span> <span class='ocrx_word' id='word_1_136' title='bbox 463 2873 658 2965; x_wconf 82' lang='lat' dir='ltr'>quantitate.</span> 
     </span>
    </p>

    <p class='ocr_par' dir='ltr' id='par_1_11' title="bbox 325 3028 1897 3276">
     <span class='ocr_line' id='line_1_16' title="bbox 412 3028 1897 3121; baseline -0.002 -22"><span class='ocrx_word' id='word_1_137' title='bbox 412 3032 516 3121; x_wconf 82' lang='lat' dir='ltr'>llajor</span> <span class='ocrx_word' id='word_1_138' title='bbox 541 3032 649 3115; x_wconf 84' lang='lat' dir='ltr'>calor,</span> <span class='ocrx_word' id='word_1_139' title='bbox 673 3054 772 3121; x_wconf 87' lang='lat' dir='ltr'>quem</span> <span class='ocrx_word' id='word_1_140' title='bbox 804 3033 982 3102; x_wconf 82' lang='lat' dir='ltr'>ostendunt</span> <span class='ocrx_word' id='word_1_141' title='bbox 1002 3053 1105 3101; x_wconf 83' lang='lat' dir='ltr'>venae</span> <span class='ocrx_word' id='word_1_142' title='bbox 1133 3033 1358 3120; x_wconf 80' lang='lat' dir='ltr'>metalliferae,</span> <span class='ocrx_word' id='word_1_143' title='bbox 1379 3033 1513 3104; x_wconf 73' lang='lat' dir='ltr'>fortune</span> <span class='ocrx_word' id='word_1_144' title='bbox 1532 3031 1651 3101; x_wconf 82' lang='lat' dir='ltr'>exinde</span> <span class='ocrx_word' id='word_1_145' title='bbox 1664 3043 1773 3099; x_wconf 87' lang='lat' dir='ltr'>ortum</span> <span class='ocrx_word' id='word_1_146' title='bbox 1794 3028 1897 3112; x_wconf 85' lang='lat' dir='ltr'>ducit,</span> 
     </span>
     <span class='ocr_line' id='line_1_17' title="bbox 325 3187 1116 3276; baseline 0.003 -20"><span class='ocrx_word' id='word_1_147' title='bbox 325 3188 416 3276; x_wconf 90' lang='lat' dir='ltr'>quod</span> <span class='ocrx_word' id='word_1_148' title='bbox 439 3189 502 3254; x_wconf 91' lang='lat' dir='ltr'>hae</span> <span class='ocrx_word' id='word_1_149' title='bbox 522 3187 640 3255; x_wconf 87' lang='lat' dir='ltr'>melius</span> <span class='ocrx_word' id='word_1_150' title='bbox 660 3210 736 3255; x_wconf 88' lang='lat' dir='ltr'>saxo</span> <span class='ocrx_word' id='word_1_151' title='bbox 756 3188 896 3257; x_wconf 90' lang='lat' dir='ltr'>calorem</span> <span class='ocrx_word' id='word_1_152' title='bbox 919 3189 1116 3259; x_wconf 85' lang='lat' dir='ltr'>eonducant.</span> 
     </span>
    </p>

    <p class='ocr_par' dir='ltr' id='par_1_12' title="bbox 325 3347 1897 3606">
     <span class='ocr_line' id='line_1_18' title="bbox 413 3347 1897 3438; baseline 0.004 -25"><span class='ocrx_word' id='word_1_153' title='bbox 413 3351 530 3414; x_wconf 81' lang='lat' dir='ltr'>Fenus</span> <span class='ocrx_word' id='word_1_154' title='bbox 545 3359 640 3438; x_wconf 82' lang='lat' dir='ltr'>putat</span> <span class='ocrx_word' id='word_1_155' title='bbox 655 3347 799 3438; x_wconf 82' lang='lat' dir='ltr'>denique</span> <span class='ocrx_word' id='word_1_156' title='bbox 817 3348 946 3419; x_wconf 86' lang='lat' dir='ltr'>fodinas</span> <span class='ocrx_word' id='word_1_157' title='bbox 961 3351 1197 3421; x_wconf 87' lang='lat' dir='ltr'>lithantracum</span> <span class='ocrx_word' id='word_1_158' title='bbox 1216 3355 1305 3424; x_wconf 89' lang='lat' dir='ltr'>idem</span> <span class='ocrx_word' id='word_1_159' title='bbox 1326 3355 1442 3424; x_wconf 87' lang='lat' dir='ltr'>caloris</span> <span class='ocrx_word' id='word_1_160' title='bbox 1460 3355 1701 3422; x_wconf 86' lang='lat' dir='ltr'>incrementum</span> <span class='ocrx_word' id='word_1_161' title='bbox 1716 3354 1897 3435; x_wconf 84' lang='lat' dir='ltr'>ostendere,</span> 
     </span>
     <span class='ocr_line' id='line_1_19' title="bbox 325 3505 1860 3606; baseline 0.005 -34"><span class='ocrx_word' id='word_1_162' title='bbox 325 3505 415 3591; x_wconf 90' lang='lat' dir='ltr'>quod</span> <span class='ocrx_word' id='word_1_163' title='bbox 436 3505 569 3576; x_wconf 83' lang='lat' dir='ltr'>fodinae</span> <span class='ocrx_word' id='word_1_164' title='bbox 591 3506 683 3597; x_wconf 87' lang='lat' dir='ltr'>cupri</span> <span class='ocrx_word' id='word_1_165' title='bbox 702 3520 735 3576; x_wconf 90' lang='lat' dir='ltr'>et</span> <span class='ocrx_word' id='word_1_166' title='bbox 753 3509 874 3577; x_wconf 86' lang='lat' dir='ltr'>stanni.</span> <span class='ocrx_word' id='word_1_167' title='bbox 915 3513 1052 3580; x_wconf 71' lang='lat' dir='ltr'>invenit</span> <span class='ocrx_word' id='word_1_168' title='bbox 1070 3535 1101 3585; x_wconf 87' lang='lat' dir='ltr'>e.</span> <span class='ocrx_word' id='word_1_169' title='bbox 1120 3524 1158 3606; x_wconf 57' lang='lat' dir='ltr'>gt</span> <span class='ocrx_word' id='word_1_170' title='bbox 1178 3515 1215 3583; x_wconf 92' lang='lat' dir='ltr'>in</span> <span class='ocrx_word' id='word_1_171' title='bbox 1230 3515 1344 3584; x_wconf 87' lang='lat' dir='ltr'>fodina</span> <span class='ocrx_word' id='word_1_172' title='bbox 1361 3515 1617 3598; x_wconf 88' lang='lat' dir='ltr'>lithantraeum,</span> <span class='ocrx_word' id='word_1_173' title='bbox 1634 3512 1669 3579; x_wconf 90' lang='lat' dir='ltr'>in</span> <span class='ocrx_word' id='word_1_174' title='bbox 1684 3510 1860 3580; x_wconf 89' lang='lat' dir='ltr'>altitudine</span> 
     </span>
    </p>
   </div>
   <div class='ocr_carea' id='block_1_11' title="bbox 856 3667 1345 4048">
    <p class='ocr_par' dir='ltr' id='par_1_13' title="bbox 856 3667 1345 4048">
     <span class='ocr_line' id='line_1_20' title="bbox 875 3667 1342 3755; baseline 0.011 -25"><span class='ocrx_word' id='word_1_175' title='bbox 875 3667 945 3746; x_wconf 79' lang='lat' dir='ltr'>18,a</span> <span class='ocrx_word' id='word_1_176' title='bbox 986 3671 1223 3755; x_wconf 83' lang='lat' dir='ltr'>temperaturam</span> <span class='ocrx_word' id='word_1_177' title='bbox 1261 3676 1342 3737; x_wconf 88' lang='grc'><strong>1000.</strong></span> 
     </span>
     <span class='ocr_line' id='line_1_21' title="bbox 874 3818 1345 3894; baseline 0.011 -15"><span class='ocrx_word' id='word_1_178' title='bbox 874 3818 947 3894; x_wconf 84' lang='grc'><strong>65,8</strong></span> <span class='ocrx_word' id='word_1_179' title='bbox 1090 3845 1107 3879; x_wconf 77' lang='lat' dir='ltr'>n</span> <span class='ocrx_word' id='word_1_180' title='bbox 1262 3823 1345 3885; x_wconf 74' lang='lat'><strong>14⁰4.</strong></span> 
     </span>
     <span class='ocr_line' id='line_1_22' title="bbox 856 3970 1344 4048; baseline 0.004 -16"><span class='ocrx_word' id='word_1_181' title='bbox 856 3970 948 4048; x_wconf 58' lang='lat' dir='ltr'>164st</span> <span class='ocrx_word' id='word_1_182' title='bbox 1092 3994 1109 4029; x_wconf 72' lang='lat' dir='ltr'>s</span> <span class='ocrx_word' id='word_1_183' title='bbox 1260 3973 1344 4034; x_wconf 89' lang='grc'><strong>1607.</strong></span> 
     </span>
    </p>
   </div>
   <div class='ocr_carea' id='block_1_12' title="bbox 323 4117 1894 4534">
    <p class='ocr_par' dir='ltr' id='par_1_14' title="bbox 323 4117 1894 4534">
     <span class='ocr_line' id='line_1_23' title="bbox 412 4117 1893 4216; baseline 0.005 -32"><span class='ocrx_word' id='word_1_184' title='bbox 412 4121 584 4185; x_wconf 84' lang='lat' dir='ltr'>Caeterum</span> <span class='ocrx_word' id='word_1_185' title='bbox 606 4117 648 4188; x_wconf 90' lang='lat' dir='ltr'>de</span> <span class='ocrx_word' id='word_1_186' title='bbox 670 4119 920 4191; x_wconf 88' lang='lat' dir='ltr'>lithrantracum</span> <span class='ocrx_word' id='word_1_187' title='bbox 943 4124 1081 4213; x_wconf 89' lang='lat' dir='ltr'>fodinis,</span> <span class='ocrx_word' id='word_1_188' title='bbox 1097 4149 1141 4194; x_wconf 90' lang='lat' dir='ltr'>an</span> <span class='ocrx_word' id='word_1_189' title='bbox 1164 4138 1259 4216; x_wconf 88' lang='lat' dir='ltr'>aptae</span> <span class='ocrx_word' id='word_1_190' title='bbox 1278 4123 1345 4192; x_wconf 89' lang='lat' dir='ltr'>sint</span> <span class='ocrx_word' id='word_1_191' title='bbox 1365 4123 1408 4190; x_wconf 90' lang='lat' dir='ltr'>ad</span> <span class='ocrx_word' id='word_1_192' title='bbox 1423 4121 1639 4191; x_wconf 88' lang='lat' dir='ltr'>instituendas</span> <span class='ocrx_word' id='word_1_193' title='bbox 1654 4117 1893 4193; x_wconf 82' lang='lat' dir='ltr'>observationes</span> 
     </span>
     <span class='ocr_line' id='line_1_24' title="bbox 324 4275 1894 4383; baseline 0.005 -42"><span class='ocrx_word' id='word_1_194' title='bbox 324 4275 366 4342; x_wconf 88' lang='lat' dir='ltr'>de</span> <span class='ocrx_word' id='word_1_195' title='bbox 388 4276 492 4344; x_wconf 86' lang='lat' dir='ltr'>calore</span> <span class='ocrx_word' id='word_1_196' title='bbox 514 4291 678 4347; x_wconf 84' lang='lat' dir='ltr'>crescente</span> <span class='ocrx_word' id='word_1_197' title='bbox 701 4302 778 4348; x_wconf 87' lang='lat' dir='ltr'>cum</span> <span class='ocrx_word' id='word_1_198' title='bbox 799 4283 994 4369; x_wconf 87' lang='lat' dir='ltr'>altitudine,</span> <span class='ocrx_word' id='word_1_199' title='bbox 1018 4286 1168 4354; x_wconf 89' lang='lat' dir='ltr'>nondum</span> <span class='ocrx_word' id='word_1_200' title='bbox 1192 4286 1279 4355; x_wconf 83' lang='lat' dir='ltr'>inter</span> <span class='ocrx_word' id='word_1_201' title='bbox 1299 4306 1334 4353; x_wconf 88' lang='lat' dir='ltr'>se</span> <span class='ocrx_word' id='word_1_202' title='bbox 1349 4281 1550 4383; x_wconf 76' lang='lat' dir='ltr'>conveniunt</span> <span class='ocrx_word' id='word_1_203' title='bbox 1563 4281 1623 4348; x_wconf 84' lang='lat' dir='ltr'>riri</span> <span class='ocrx_word' id='word_1_204' title='bbox 1640 4281 1739 4350; x_wconf 88' lang='lat' dir='ltr'>docti.</span> <span class='ocrx_word' id='word_1_205' title='bbox 1761 4287 1894 4351; x_wconf 77' lang='lat' dir='ltr'>Ausus·</span> 
     </span>
     <span class='ocr_line' id='line_1_25' title="bbox 323 4433 1858 4534; baseline 0.007 -32"><span class='ocrx_word' id='word_1_206' title='bbox 323 4454 417 4502; x_wconf 80' lang='lat' dir='ltr'>sorus</span> <span class='ocrx_word' id='word_1_207' title='bbox 436 4433 573 4521; x_wconf 89' lang='lat' dir='ltr'>quidem</span> <span class='ocrx_word' id='word_1_208' title='bbox 596 4435 681 4504; x_wconf 93' lang='lat' dir='ltr'>illud</span> <span class='ocrx_word' id='word_1_209' title='bbox 705 4453 806 4531; x_wconf 76' lang='lat' dir='ltr'>negat</span> <span class='ocrx_word' id='word_1_210' title='bbox 820 4441 882 4533; x_wconf 89' lang='lat'>(1);</span> <span class='ocrx_word' id='word_1_211' title='bbox 908 4466 1086 4511; x_wconf 79' lang='lat' dir='ltr'>cosumus</span> <span class='ocrx_word' id='word_1_212' title='bbox 1108 4444 1302 4514; x_wconf 79' lang='lat' dir='ltr'>eonuariam</span> <span class='ocrx_word' id='word_1_213' title='bbox 1324 4441 1493 4532; x_wconf 83' lang='lat' dir='ltr'>amplexus</span> <span class='ocrx_word' id='word_1_214' title='bbox 1512 4453 1561 4510; x_wconf 89' lang='lat' dir='ltr'>est</span> <span class='ocrx_word' id='word_1_215' title='bbox 1582 4441 1772 4532; x_wconf 89' lang='lat' dir='ltr'>opinionem</span> <span class='ocrx_word' id='word_1_216' title='bbox 1787 4444 1858 4534; x_wconf 84' lang='lat'><strong>(2).&#39;</strong></span> 
     </span>
    </p>
   </div>
   <div class='ocr_carea' id='block_1_13' title="bbox 389 4652 1109 4846">
    <p class='ocr_par' dir='ltr' id='par_1_15' title="bbox 389 4652 1109 4846">
     <span class='ocr_line' id='line_1_26' title="bbox 390 4652 946 4727; baseline 0.013 -23"><span class='ocrx_word' id='word_1_217' title='bbox 390 4652 429 4727; x_wconf 88' lang='lat'>(1)</span> <span class='ocrx_word' id='word_1_218' title='bbox 463 4655 605 4705; x_wconf 67' lang='lat' dir='ltr'>Aufeiam</span> <span class='ocrx_word' id='word_1_219' title='bbox 624 4656 760 4723; x_wconf 63' lang='lat' dir='ltr'>moysetis</span> <span class='ocrx_word' id='word_1_220' title='bbox 775 4659 796 4708; x_wconf 90' lang='lat'>1.</span> <span class='ocrx_word' id='word_1_221' title='bbox 814 4673 868 4726; x_wconf 71' lang='lat' dir='ltr'>pag.</span> <span class='ocrx_word' id='word_1_222' title='bbox 886 4660 946 4712; x_wconf 79' lang='grc'><strong>467.</strong></span> 
     </span>
     <span class='ocr_line' id='line_1_27' title="bbox 389 4767 1109 4846; baseline 0.017 -29"><span class='ocrx_word' id='word_1_223' title='bbox 389 4767 428 4840; x_wconf 63' lang='grc' dir='ltr'>(Β)</span> <span class='ocrx_word' id='word_1_224' title='bbox 464 4768 567 4820; x_wconf 79' lang='lat' dir='ltr'>Cordter</span> <span class='ocrx_word' id='word_1_225' title='bbox 581 4771 609 4820; x_wconf 75' lang='lat' dir='ltr'>fs</span> <span class='ocrx_word' id='word_1_226' title='bbox 625 4770 701 4821; x_wconf 60' lang='lat' dir='ltr'>stem</span> <span class='ocrx_word' id='word_1_227' title='bbox 718 4773 748 4822; x_wconf 77' lang='lat' dir='ltr'>do</span> <span class='ocrx_word' id='word_1_228' title='bbox 765 4771 890 4825; x_wconf 71' lang='lat' dir='ltr'>Pineta&#39;tst</span> <span class='ocrx_word' id='word_1_229' title='bbox 904 4777 959 4828; x_wconf 80' lang='lat' dir='ltr'>vn.</span> <span class='ocrx_word' id='word_1_230' title='bbox 977 4794 1031 4846; x_wconf 73' lang='lat' dir='ltr'>pag.</span> <span class='ocrx_word' id='word_1_231' title='bbox 1049 4781 1109 4831; x_wconf 70' lang='grc'><strong>618.</strong></span> 
     </span>
    </p>
   </div>
   <div class='ocr_carea' id='block_1_14' title="bbox 0 0 2224 6053">
    <p class='ocr_par' dir='ltr' id='par_1_16' title="bbox 0 0 2224 6053">
     <span class='ocr_line' id='line_1_28' title="bbox 0 0 2224 6053; baseline 0 0"><span class='ocrx_word' id='word_1_232' title='bbox 0 0 2224 6053; x_wconf 95' lang='lat' dir='ltr'> </span> 
     </span>
    </p>
   </div>
  </div>
 </body>
</html>
