4440 6060
1085 600 1125 662 tl

287 820 290 827 ·
412 809 658 883 moranentum
687 816 944 895 temperaturae,
975 801 1039 871 bao
1066 799 1180 869 tabula
1201 798 1406 888 indioatum,
1429 813 1479 871 est
1497 801 1600 893 igitur
1625 803 1754 872 circiter
1777 809 1810 871 1⁰
1829 825 1889 894 pro

323 966 501 1036 altitudine
521 973 565 1036 66
585 978 777 1035 metrorum.

409 1127 451 1193 In
481 1125 636 1196 omnibus
666 1124 720 1193 bis
750 1122 890 1207 fodinis,
918 1143 1059 1213 quarum
1081 1131 1338 1211 temperaturam
1361 1117 1533 1211 indagavit
1551 1145 1734 1208 sonandus,
1756 1123 1892 1194 aderant

324 1284 476 1377 operarii.
521 1289 646 1355 Horum
666 1283 870 1377 praesentiae
890 1295 1004 1352 tamen
1023 1304 1092 1352 non
1115 1280 1213 1349 unioe
1237 1278 1453 1349 tribuendum
1473 1300 1541 1349 esse
1564 1280 1682 1351 caloris
1701 1281 1891 1351 ineremen-

322 1456 414 1531 tum,
436 1443 649 1513 ostenderimt
668 1441 906 1513 observationes
928 1440 1097 1511 institutae
1116 1439 1153 1509 in
1174 1439 1288 1509 fodina
1312 1439 1489 1526 Botallalr,
1509 1439 1546 1507 in
1564 1441 1767 1530 receptaculo
1782 1463 1892 1512 remo-

323 1603 464 1690 tissimo,
498 1625 655 1694 magnam
683 1624 788 1693 aquae
817 1556 945 1691 copiam
977 1598 1180 1669 continente.
1237 1601 1329 1684 Quae
1356 1621 1462 1690 aqua,
1490 1604 1548 1667 121
1576 1598 1690 1668 metris
1721 1599 1807 1667 iufra
1831 1599 1892 1668 soli

323 1761 553 1854 superficiem,
577 1761 722 1831 ostendit
743 1770 998 1852 temperaturam
1023 1763 1110 1846 16,7.
1541 1860 1545 1867 Ι

412 1920 555 1991 Fodinae
574 1922 681 1989 tutte
702 1920 855 2004 Boamds,
880 1941 967 2009 quae
990 1914 1077 1985 inira
1098 1915 1197 1984 maris
1218 1913 1361 1985 fundum
1380 1917 1547 2008 procedit,
1569 1939 1692 2009 magna
1713 1940 1788 2008 pars
1809 1919 1893 1986 sub-

322 2102 430 2151 mersa
453 2079 523 2150 fuit
539 2079 584 2149 ab
603 2076 782 2148 altitudine
799 2083 840 2150 91
864 2077 908 2146 sd
928 2083 992 2148 152
1010 2090 1211 2159 metrorum,
1232 2076 1320 2146 infra
1341 2077 1401 2148 soli
1423 2075 1643 2169 superfisiem.
1690 2081 1778 2147 11666
1795 2100 1892 2167 aqua,

324 2238 565 2329 quum‘antliis
587 2237 830 2322 effunderetur,
852 2237 1015 2324 ostendit,
1037 2260 1125 2308 anno
1147 2243 1251 2325 1622,
1274 2249 1530 2330 temperaturam
1554 2243 1645 2310 13⁰0.

412 2401 592 2490 6661166166
626 2396 867 2467 observationes
902 2397 1013 2467 adbuo
1041 2397 1148 2493 magis
1180 2397 1291 2467 valent
1324 2397 1367 2465 ad
1402 2386 1662 2490 oppugnandam
1695 2397 1893 2466 sententiam

330 2578 462 2643 eorum,
487 2554 547 2649 qui
567 2568 688 2647 putant
709 2567 839 2623 auctam
861 2554 1051 2625 fodinarum
1073 2569 1344 2653 temperaturam,
1366 2556 1427 2626 soli
1448 2556 1662 2626 tribuendam
1682 2579 1750 2627 esse
1768 2578 1892 2648 opera-

323 2716 452 2798 riorum
469 2716 685 2808 praesentiae.

412 2880 509 2945 Anno
529 2897 653 2966 nempe
676 2880 779 2957 18111,
799 2897 904 2964 quum
924 2872 1038 2943 iodina
1059 2826 1148 2942 [luel
1166 2875 1316 2966 Neptrme
1337 2874 1380 2942 ad
1402 2863 1613 2943 altitudinem
1638 2881 1700 2946 161
1713 2888 1894 2944 metrorum

324 3036 483 3126 perducta
506 3049 605 3121 esset,
627 3057 712 3124 aqua
732 3032 846 3103 antliis
865 3033 1042 3121 exhausta,
1063 3033 1255 3104 ostendebat
1277 3045 1534 3124 temperaturam
1557 3039 1634 3103 15⁶6
1641 3058 1652 3120 3
1677 3056 1765 3104 anno
1788 3040 1893 3121 1622,

325 3213 431 3282 quum
465 3191 508 3259 ad
530 3198 595 3260 228
616 3203 720 3260 metra
748 3190 862 3260 fodina
884 3191 1100 3282 pervenisset,
1120 3214 1226 3282 aquae
1243 3205 1464 3283 temperatura
1484 3206 1554 3260 erat
1579 3198 1666 3264 16⁰7.
1712 3195 1779 3263 Neo
1800 3194 1896 3263 aliter

324 3374 376 3422 res
400 3373 469 3421 sese
491 3349 613 3419 habuit
632 3350 670 3421 in
692 3349 806 3420 dodina
828 3352 1010 3438 Botallak,
1036 3350 1096 3419 ubi
1122 3305 1227 3439 1616,
1252 3373 1340 3440 aqua
1362 3375 1403 3421 ex
1423 3351 1601 3421 altitudine
1623 3358 1688 3420 155
1710 3366 1893 3423 metrorum

325 3511 500 3592 exhausta,
523 3510 709 3580 ostenderet
732 3516 828 3596 16⁰7,
848 3531 936 3578 anno
955 3531 1031 3578 vero
1053 3513 1139 3577 1822
1161 3531 1199 3578 ex
1217 3508 1396 3602 altitudine
1416 3515 1482 3577 204
1508 3521 1692 3579 metrorum
1716 3517 1806 3581 1004.

413 3666 601 3739 Sententiae
619 3691 779 3751 ronnasu,
800 3691 864 3738 neo
879 3669 991 3739 minus
1008 3691 1114 3756 roxn,
1136 3671 1229 3761 cujus
1248 3669 1403 3762 deinceps
1422 3692 1623 3762 exponemus
1635 3672 1891 3759 ohservationes,

290 3908 302 3929 ο
330 3829 422 3897 hand
452 3827 563 3898 favens
594 3849 732 3897 toranus
752 3825 816 3918 (1),
837 3827 880 3896 de
908 3825 1069 3895 industria
1090 3838 1347 3918 temperaturam
1368 3826 1572 3910 fodinarum,
1592 3825 1629 3895 in
1649 3826 1807 3897 comitatu
1829 3832 1893 3897 Go-

324 3986 525 4079 risopitensi,
561 4010 649 4057 anno
683 3985 835 4079 inprimis
866 3992 970 4074 1622,
1001 3982 1190 4075 indagavit,
1220 3997 1255 4054 et
1284 3984 1422 4074 quidem
1457 3982 1553 4052 variis
1581 3984 1706 4068 modis,
1731 3930 1887 4076 depositii
1990 3928 1995 3943 ι

328 4145 572 4216 thermometris
589 4168 650 4237 per
671 4150 712 4215 15
732 4145 776 4215 ad
794 4149 837 4215 26
858 4145 987 4216 minuta
1006 4143 1135 4237 prima,
1159 4142 1212 4213 661
1231 4143 1268 4212 in
1291 4142 1363 4236 ipso
1381 4166 1478 4227 saxo,
1495 4144 1549 4214 661
1568 4145 1606 4214 in
1624 4145 1718 4236 aquis
1731 4144 1890 4231 turbidis,

323 4302 551 4373 ounioulorum
573 4302 729 4386 ,fundum
766 4304 974 4397 tegentibus,
1011 4304 1065 4374 661
1095 4304 1133 4372 16
1154 4304 1246 4374 renis
1276 4327 1384 4395 aquae
1401 4304 1611 4396 prosilientis.
1668 4303 1760 4390 Quid
1789 4304 1889 4374 inre-

324 4460 432 4548 nerit,
470 4461 529 4529 116
559 4461 704 4533 breviter
734 4464 910 4534 enarrabo:
938 4463 1178 4535 obsermiones
1196 4462 1407 4532 1116666166
1433 4463 1583 4556 magisne
1616 4461 1749 4533 1666661
1776 4463 1892 4535 caloris

391 4794 431 4863 (1)
464 4796 562 4847 mals
577 4792 611 4861 os
622 4792 777 4860 numm
792 4793 828 4845 Ν.
843 4795 873 4845 8.
889 4792 932 4845 λ’.
949 4791 1020 4844 m.
1036 4793 1090 4844 166.
1107 4791 1184 4843 1816.
