4440 6060
763 832 797 892 in
817 831 975 894 altitudine

810 974 864 1067 101
889 1018 1071 1081 metrorum,
1098 1014 1299 1087 temperatura
1319 1015 1382 1065 erat
1424 1008 1497 1069 12⁰5
1518 1010 1648 1093 Gentigr.

806 1157 866 1218 206
970 1182 985 1215 o
1056 1201 1376 1218 .......
1425 1158 1495 1221 1³⁰1
1581 1186 1596 1219 o

807 1308 868 1370 308
974 1337 1376 1372 .........
1427 1310 1500 1373 1907
1582 1338 1597 1369 »

805 1461 865 1523 433
970 1487 985 1520 o
1055 1502 1378 1523 .......
1427 1461 1503 1523 2207
1584 1487 1598 1520 o

526 1658 622 1726 Unde
637 1659 832 1728 concludere
852 1681 1022 1750 possumus
1037 1637 1278 1727 incrementum
1294 1657 1441 1726 medium
1456 1670 1695 1750 temperaturae
1718 1668 1751 1730 1ο
1761 1684 1820 1752 pro
1834 1663 2008 1733 altitudine

439 1827 482 1887 30
505 1831 697 1887 metrorum.

526 1980 602 2045 Post
621 2000 804 2044 cansarum
825 2002 850 2042 r.
863 2002 895 2043 r.
913 2001 954 2043 nr
969 2000 1029 2044 ene
1046 1977 1283 2047 observationes
1303 1978 1461 2066 quasdam
1483 1979 1627 2048 instituit
1646 1981 1687 2049 de
1705 1980 1810 2050 calore
1821 1982 2006 2051 infimarum

437 2137 626 2208 fodinarum
647 2137 804 2227 partium.
850 2137 911 2206 Hic
931 2139 1019 2206 enirn
1037 2139 1083 2229 (in
1107 2138 1343 2228 descriptione,
1366 2161 1464 2227 quam
1492 2139 1643 2230 Reginae
1673 2143 2008 2233 Magnae-Brittaniae

438 2298 559 2366 obtulit
580 2297 645 2388 (l),
667 2297 877 2383 fodinarum,
905 2319 989 2386 quae
1015 2311 1092 2365 sunt
1119 2320 1223 2389 prope
1249 2295 1414 2364 Glausthal
1438 2297 1474 2364 in
1501 2302 1690 2384 Honorem,
1714 2312 1748 2368 ct
1767 2304 1856 2371 unde
1881 2327 2005 2396 argen-

437 2472 527 2543 tum,
556 2481 693 2549 cuprum
719 2471 751 2524 et
776 2459 951 2548 plumbum
974 2459 1197 2548 hauriuntur,)
1225 2457 1338 2525 scribit
1361 2479 1447 2524 anno
1477 2462 1560 2525 1776
1584 2481 1618 2524 se
1636 2458 1839 2528 descendisse
1863 2462 1899 2527 in
1916 2471 2009 2551 putei

438 2617 572 2686 fodinae
594 2618 777 2684 dorotheae
799 2616 964 2702 fundum,
990 2617 1049 2704 qui
1069 2617 1168 2683 distat
1193 2620 1258 2682 330
1282 2616 1394 2682 metris
1417 2639 1436 2682 a
1465 2617 1638 2707 superficie
1658 2618 1729 2687 soli.
1758 2622 1799 2686 ln
1820 2617 1884 2688 hoc
1902 2619 2007 2688 fundo

438 2778 564 2845 invenit
587 2789 839 2866 temperaturam
868 2777 952 2844 circa
980 2780 1078 2861 12⁰8,
1105 2798 1209 2865 quum
1232 2786 1453 2864 temperatura
1479 2776 1562 2842 atria
1585 2777 1819 2850 externiesset
1836 2787 1883 2846 8⁰.

526 2938 658 3005 Fundus
685 2946 778 3028 putei
801 2936 935 3006 fodinae
953 2937 1147 3023 Carolinoc,
1164 2936 1256 3004 haud
1275 2935 1375 3027 longe
1396 2961 1414 3003 a
1437 2937 1546 3027 priore
1564 2936 1726 3021 distantis,
1742 2935 1934 3005 ostendebat
1948 2958 2008 3004 eo-

437 3100 513 3167 dem
536 3099 590 3166 die
614 3106 681 3184 15⁰,
704 3119 764 3189 pro
785 3095 961 3164 altitudine
985 3103 1049 3166 333
1072 3109 1252 3168 metrorum
1275 3095 1360 3163 infra
1383 3096 1443 3164 aoli
1460 3096 1680 3187 superficiem.
1726 3101 1766 3163 ln
1788 3109 1932 3165 extrema
1943 3095 2008 3164 de-

323 3313 326 3319 .
436 3259 537 3348 nique
563 3256 706 3327 cuniculi
730 3258 888 3349 (golen'e)
911 3271 1025 3346 parte,
1055 3258 1091 3324 in
1121 3259 1236 3326 fodina
1263 3257 1328 3322 Sti.
1351 3257 1544 3342 Benedicti,
1573 3283 1613 3326 nn
1641 3282 1702 3326 mre
1725 3258 1851 3325 inrenit
1874 3268 2006 3344 tempe-

436 3408 672 3484 ratarum-16⁶.
719 3416 766 3477 Ex
791 3412 857 3477 alio
880 3412 951 3478 loco
976 3412 1202 3501 descriptionis
1226 3413 1374 3501 ejusdem
1400 3414 1534 3481 fodinae
1550 3415 1594 3503 (2)
1615 3414 1742 3503 liquere
1760 3416 1902 3500 ridetur,
1917 3416 2008 3481 hunc

439 3570 627 3641 cuniculum
645 3571 755 3659 jacere
776 3574 842 3635 278
866 3572 979 3637 metris
1001 3571 1086 3639 infra
1106 3570 1312 3663 superficiem
1334 3571 1404 3640 soli.
1451 3565 1715 3663 Temperaturam
1747 3574 1836 3642 hanc
1863 3573 2007 3642 cuniculi

439 3733 504 3802 Sti.
531 3732 724 3814 Benedicti,
761 3728 992 3799 accuratiorem
1024 3732 1151 3801 duabus
1182 3732 1346 3825 prioribus
1370 3733 1560 3802 habendam
1593 3746 1761 3826 putarem,
1790 3733 1914 3823 quippe
1940 3757 2006 3801 non

437 3896 639 3965 observatam
659 3892 694 3959 in
715 3903 831 3982 puteo,
855 3891 914 3959 ubi
934 3916 1062 3985 semper
1081 3896 1186 3987 major
1208 3894 1291 3963 a'e’ris
1310 3895 1465 3963 circuitus
1489 3893 1760 3983 deprehenditur.

421 4031 424 4035 .
517 4053 550 4119 si
566 4054 638 4142 jam
661 4051 745 4120 ratio
768 4053 929 4120 habeatur
952 4067 1189 4146 temperaturae
1211 4068 1361 4123 externae
1382 4058 1430 4137 8⁰,
1452 4076 1491 4120 cx
1509 4051 1734 4120 observatione
1757 4050 1931 4119 deducitur
1948 4075 2006 4144 pro

438 4216 639 4282 incremento
663 4224 904 4302 temperaturae
930 4221 979 4300 1⁰,
1009 4216 1148 4287 altitudo
1178 4224 1220 4286 35
1248 4226 1438 4282 metrorum.
1485 4215 1596 4298 Quum
1620 4224 1733 4279 tamen
1754 4187 1823 4279 non
1850 4211 1939 4279 dicat
1965 4237 2004 4279 nr

439 4395 497 4439 nac
515 4394 676 4462 quaenam
694 4371 737 4438 sit
762 4384 980 4462 temperatura
1006 4398 1113 4445 annua
1139 4375 1249 4447 media
1268 4373 1353 4461 loci,
1379 4373 1469 4441 haud
1498 4394 1619 4463 magna
1651 4370 1733 4440 fider
1764 4369 1854 4440 hisce
1883 4372 2002 4441 obser-

474 4682 602 4754 (1)1.Δ.
626 4686 655 4735 do
680 4688 733 4737 Luc
750 4689 844 4741 Lottroa
862 4708 907 4742 rer
924 4694 949 4742 lo
968 4700 1032 4745 tem
1047 4702 1072 4744 et
1088 4710 1133 4745 rur
1151 4692 1269 4745 dhoune.
1302 4690 1368 4741 Perii
1388 4698 1412 4737 et
1430 4688 1461 4737 La
1480 4687 1544 4753 llrye
1569 4685 1644 4736 1770.
1664 4686 1726 4735 Ton.
1745 4687 1790 4736 111.
1809 4702 1833 4752 p.
1853 4687 1912 4734 317.

473 4797 511 4869 (3)
528 4797 619 4848 Ibidem
635 4815 659 4865 p.
678 4801 737 4850 tet.
