4440 6060
1094 630 1138 692 95

325 832 497 915 confluxe,¹
518 842 567 898 est
599 830 674 898 ideo
699 829 793 899 valde
825 827 1022 919 compositae
1048 839 1306 918 temperaturae:
1345 828 1399 896 cui
1428 827 1555 896 accedit
1587 840 1805 918 temperatura
1830 830 1897 899 saxi

325 991 567 1081 receptaculum
598 989 837 1059 constituentis.
891 993 1121 1079 Temperatura
1153 1011 1232 1081 ergo
1265 1000 1299 1056 ct
1322 987 1422 1078 hujus
1444 1010 1547 1077 aquae
1569 1010 1638 1056 non
1660 987 1772 1057 baberi
1791 1002 1898 1081 potest

324 1175 384 1243 pro
402 1124 620 1242 temperatura
641 1139 977 1234 saxi'circumdantis3
1000 1148 1186 1233 sedidem,
1209 1147 1301 1236 quod
1321 1169 1418 1237 supra
1447 1147 1657 1233 monuimus,
1680 1160 1714 1215 et
1742 1147 1893 1238 bicple-

324 1334 465 1402 rumque
480 1312 631 1397 obtinet,
654 1332 774 1401 nempe
795 1311 865 1401 ejus
890 1322 1145 1401 temperaturam
1176 1307 1339 1376 minorem
1363 1328 1454 1392 esse,
1482 1326 1583 1394 quiam
1609 1307 1797 1377 conveniret
1820 1306 1895 1374 alti·

325 1471 454 1554 tudini,
489 1471 526 1538 in
541 1493 614 1560 ·qua
643 1468 913 1560 deprehenditur.

413 1628 667 1698 Observationes
686 1628 797 1719 priore
815 1628 924 1719 capite
941 1629 1103 1720 expositae
1128 1626 1287 1718 praebent
1313 1625 1417 1693 multa
1434 1625 1582 1718 exempla
1596 1626 1716 1694 harum
1736 1632 1895 1715 aquarum

324 1810 432 1856 versus
460 1787 604 1856 fundum
627 1787 720 1878 putei
746 1788 982 1857 confluxarum.
1040 1789 1149 1857 Primo
1169 1787 1259 1862 enim
1281 1786 1423 1855 vidimus
1444 1811 1636 1855 ssussuarurr
1657 1787 1704 1878 (1)
1727 1786 1897 1880 indagasse

324 1960 579 2039 temperaturam
602 1968 705 2036 aquae
723 1948 942 2039 receptaculi,
974 1949 1011 2017 in
1041 1950 1146 2018 fundo
1168 1957 1262 2041 putet·
1278 1970 1382 2039 prope
1408 1952 1530 2028 Bexum
1554 1947 1590 2015 in
1609 1947 1779 2032 Helvetia3
1803 1948 1897 2015 dein·

323 2130 399 2198 ceps
419 2108 626 2198 exposuimus
639 2079 878 2178 observationes
889 2132 976 2177 rom
987 2110 1050 2201 (ἲ),
1066 2110 1101 2177 in
1116 2109 1238 2178 fodinis
1258 2108 1363 2177 South
1372 2109 1466 2176 Iluel
1476 2109 1509 2176 T
1505 2133 1616 2193 owen,
1627 2109 1719 2175 Eas!
1730 2108 1896 2193 Liscomt,

323 2269 417 2336 Iluel
442 2269 546 2356 Unity
569 2268 704 2349 chd,
725 2269 807 2336 Beer
835 2269 961 2353 Alsos,
985 2270 1143 2353 Pcldice,
1170 2270 1345 2360 Gwenrrcp
1362 2281 1396 2338 et
1420 2268 1514 2336 Harl
1534 2270 1750 2360 driendsdr'p,
1775 2274 1895 2359 aquam
1989 2299 1992 2304 ·

323 2427 480 2495 similium
497 2428 781 2518 receptaculorum
803 2440 996 2520 spectantes.
1014 2433 1054 2495 ln
1074 2427 1190 2497 fodina
1207 2430 1346 2496 Poldr'ee
1366 2427 1499 2518 insuper
1521 2441 1672 2497 notatum
1687 2428 1895 2512 invenimus,

323 2587 390 2655 duo
405 2587 482 2655 talia
503 2584 613 2656 adesse
630 2591 858 2679 receptacula,
877 2590 913 2657 in
933 2591 1048 2657 eadem
1066 2541 1305 2680 profunditate.
1332 2585 1372 2655 ln
1383 2587 1550 2663 vicinitate
1558 2589 1683 2678 prioris
1700 2589 1895 2657 laborabant

323 2752 344 2812 8
371 2748 533 2837 operarii,
555 2770 658 2839 prope
676 2750 836 2840 posterius
861 2761 991 2817 tantum
1007 2748 1084 2817 duo.
1131 2753 1243 2837 Aquae
1265 2760 1483 2838 temperatura
1505 2762 1577 2816 erat
1599 2760 1714 2817 tamen
1733 2749 1768 2815 in
1784 2747 1894 2838 priore

324 2906 424 2992 25063
448 2907 484 2973 in
502 2909 682 2997 posteriore
702 2915 794 2978 26⁹7.
839 2913 910 2993 Qua
937 2907 1163 2978 observatione
1185 2907 1279 2977 nobis
1305 2930 1414 2977 rursus
1439 2906 1579 2998 largitur
1602 2906 1788 2997 exemplum
1807 2919 1894 2974 tem·

322 3077 530 3153 peraturae‚·
547 3066 582 3132 in
607 3088 708 3154 quam
735 3068 916 3156 praesentia
939 3068 1162 3155 operariorum
1181 3066 1306 3133 nullam
1336 3068 1402 3134 rim
1426 3068 1605 3136 exercuisse
1627 3067 1765 3137 videtur.

412 3225 452 3290 In
477 3222 756 3292 observationibus
783 3246 965 3293 surmssoru
999 3224 1035 3292 in
1073 3225 1185 3294 fodina
1212 3227 1414 3320 Poullcouerr
1449 3228 1663 3297 inveniuntur
1697 3228 1799 3296 etiam
1829 3200 1895 3296 duo
1993 3237 2000 3252 ⁴

323 3381 471 3472 exempla
500 3361 740 3473 temperaturae
764 3406 925 3474 uquarum
957 3387 1144 3456 observatae
1175 3386 1211 3454 in
1244 3387 1455 3478 receptaculis
1467 3414 1476 3472 ;
1504 3388 1540 3455 in
1576 3388 1689 3455 fundis
1720 3401 1894 3479 puteorum

325 3539 375 3607 Se,
401 3534 542 3632 Georgii
564 3553 604 3610 ot
631 3542 710 3611 δη.
733 3545 888 3614 Bartae:
917 3559 1155 3637 temperaturae
1179 3548 1297 3615 barum
1325 3571 1485 3638 aquarum
1516 3561 1610 3616 erant
1635 3552 1711 3613 14⁰2
1738 3559 1771 3614 et
1794 3555 1891 3614 1³⁰⁶:

324 3698 407 3770 atris
429 3722 507 3769 rero
522 3720 623 3790 srrpra
641 3701 712 3815 illes
732 3709 788 3771 15·
807 3716 840 3772 et
863 3712 951 3774 14⁰4.
969 3703 974 3713 ’

330 3897 333 3903 ·
413 3865 460 3928 δ’.
483 3861 547 3927 ·ln
574 3860 742 3930 nonnullis
766 3860 889 3932 fodinis
919 3864 1039 3933 adsum
1063 3878 1229 3955 praeterea
1260 3888 1403 3957 magnae
1432 3865 1637 3934 collectiones
1665 3886 1769 3953 aquae
1795 3876 1891 3953 stap-

323 4017 459 4104 nantisr
470 4019 564 4108 quasi
585 4019 674 4088 lacus
691 4021 1180 4094 subterraneos-constituentes.
1226 4028 1294 4094 Hae
1310 4042 1433 4115 aquae,
1454 4026 1481 4092 si
1504 4023 1581 4103 satis
1596 4024 1654 4090 diu
1671 4034 1889 4091 commoratae

323 4175 465 4257 fumint,
484 4175 687 4251 ostenduntv
702 4199 804 4273 saepe
833 4195 1086 4275 temperaturam
1121 4186 1286 4278 genuinae
1303 4185 1372 4253 suxi
1398 4183 1630 4254 circumdantis
1652 4195 1892 4273 temperaturae

324 4332 416 4402 haud
442 4335 646 4408 dissimilem.
702 4345 932 4434 Temperatura
963 4345 1082 4414 borum
1114 4345 1244 4413 lacuum
1274 4345 1579 4426 subterraneorum,
1607 4341 1770 4409 indicatur
1794 4340 1892 4408 variis

393 4716 430 4784 (¹)
466 4720 536 4770 θῦε·
556 4737 610 4788 ru·
628 4725 671 4775 ¹⁴·

392 4832 430 4903 (²)
465 4838 536 4888 θῦε-
560 4854 614 4905 ra·
630 4840 672 4890 ⁸⁸·
