4440 6060
1084 627 1126 689 53

324 834 399 906 illae
434 836 470 901 in
497 845 641 901 extrem
671 843 765 921 parte
795 826 904 896 infimi
932 824 1096 904 cuniculi,
1127 822 1164 890 in
1193 821 1368 889 altitudine
1392 825 1490 903 181,9
1511 833 1701 889 metrorum.
1749 817 1885 886 Easdem

324 994 464 1062 cautelas
493 969 665 1075 adhibuit,
697 1012 779 1079 quas
806 988 840 1055 in
863 987 972 1078 priore
993 985 1124 1054 fodina:
1148 983 1421 1051 thermometrum
1446 1005 1506 1072 per
1530 981 1648 1050 horam
1668 979 1703 1046 iu
1725 978 1888 1047 foramine

323 1152 472 1220 obturato
489 1150 640 1218 relictum
661 1146 804 1216 ostendit
828 1154 917 1214 17⁰1.

412 1312 454 1375 Ut
470 1310 540 1398 jam
562 1330 638 1376 vero
657 1306 898 1374 incrementum
919 1303 1034 1372 caloris
1058 1303 1143 1369 bene
1164 1300 1376 1380 definiretur,
1400 1296 1582 1365 necessario
1601 1298 1753 1387 cognosci
1774 1297 1891 1365 debuit

327 1479 543 1557 temperatura
563 1466 671 1534 media
692 1488 801 1533 annua
822 1464 978 1555 regionis.
1023 1467 1115 1530 llano
1135 1456 1356 1531 determinare
1378 1471 1512 1529 conatus
1537 1469 1585 1526 est
1605 1478 1801 1542 coaorsans,
1828 1479 1889 1546 ope

326 1648 429 1715 aquae
451 1640 646 1717 puteorum,
672 1648 774 1717 prope
793 1625 853 1692 has
874 1623 1004 1692 fodinas
1025 1624 1173 1691 sitorum.

413 1785 510 1852 Haud
531 1783 646 1874 procul
664 1806 682 1848 a
708 1782 823 1850 sodina
850 1785 1018 1852 Cartillan
1038 1796 1106 1849 erat
1125 1795 1244 1872 puteus
1266 1802 1371 1870 aquae
1390 1778 1494 1846 duleis
1511 1777 1681 1868 perennis,
1700 1798 1802 1867 prope
1815 1777 1891 1845 hos·

324 1946 444 2036 pitium
472 1943 642 2034 Bigorrae:
668 1941 851 2031 profundus
879 1941 935 2008 ille
962 1952 1035 2009 erat
1065 1947 1105 2007 13
1126 1939 1249 2008 metris.
1296 1937 1355 2006 bie
1376 1942 1416 2005 19
1437 1935 1637 2028 Septembris
1664 1941 1748 2003 1825
1771 1935 1807 2001 in
1828 1934 1891 2002 hoc

323 2115 423 2194 puteo
443 2123 529 2190 aqua
548 2102 590 2169 ad
612 2109 632 2170 3
652 2114 757 2169 metra
778 2100 1005 2168 asscendebat:
1029 2123 1112 2189 aqua
1137 2100 1239 2167 mixta
1262 2099 1299 2166 in
1321 2099 1436 2183 situla,
1457 2121 1520 2166 nec
1538 2097 1693 2164 exhausta
1713 2106 1891 2182 antequam

323 2275 578 2351 temperaturam
601 2282 706 2349 aquae
726 2261 959 2327 circumdantis
979 2260 1196 2359 assumsisset,
1220 2261 1363 2329 ostendit
1381 2266 1500 2346 13015,
1513 2258 1604 2346 quod
1621 2255 1831 2325 referendum
1848 2256 1890 2320 ad

323 2420 533 2490 altitudinem
556 2425 631 2505 11,5
649 2431 839 2486 metrorum.

411 2583 451 2645 ln
480 2590 580 2669 puteo
604 2599 710 2665 aquae
734 2577 888 2667 perennis
908 2601 1009 2669 prope
1029 2579 1165 2647 domum
1188 2578 1323 2658 Veriac,
1348 2584 1412 2646 400
1435 2577 1547 2646 metris
1570 2577 1712 2645 distante
1736 2600 1754 2642 a
1778 2575 1890 2644 fodina

324 2738 369 2804 du
392 2735 517 2822 Rasin,
541 2735 668 2804 invenit
689 2736 805 2805 eodem
828 2738 926 2805 modo
954 2743 1032 2807 12⁰9
1052 2761 1112 2829 pro
1131 2739 1308 2807 altitudine
1328 2745 1384 2817 6,2
1404 2750 1595 2807 metrorum.

411 2900 507 2965 Putat
528 2918 705 2963 conoranus
726 2893 844 2985 prioris
864 2907 957 2988 putei
970 2909 1224 2987 temperaturam
1239 2920 1300 2988 pro
1314 2898 1422 2965 media
1444 2896 1588 2988 regionis
1609 2896 1798 2963 habendam
1812 2919 1890 2976 csse,

323 3057 400 3144 quia
432 3055 629 3123 invenerunt
651 3079 834 3123 saussunrns
859 3056 906 3146 (l)
931 3069 964 3124 et
994 3080 1122 3142 auco,
1145 3058 1182 3124 in
1205 3056 1306 3123 simili
1327 3056 1387 3125 soli
1407 3055 1620 3136 formatione,
1640 3056 1748 3124 radios
1773 3057 1890 3126 solares

323 3212 365 3279 ad
382 3212 592 3281 altitudinem
614 3219 655 3280 10
677 3226 875 3298 metrorum,
896 3226 1027 3281 tantum
1048 3227 1121 3304 post
1138 3214 1281 3304 spatium
1302 3238 1356 3282 sex
1377 3214 1540 3282 mensium
1560 3227 1742 3304 penetrare.
1790 3216 1889 3282 ludi-

323 3371 412 3439 cavit.
428 3371 532 3462 igitur
558 3393 642 3460 aqua
664 3384 922 3462 temperaturam
949 3373 1051 3454 reris,
1074 3394 1160 3461 quac
1180 3396 1268 3441 anno
1295 3380 1400 3458 1825,
1430 3373 1558 3443 mediae
1575 3398 1705 3443 annuae
1730 3399 1890 3466 perquam

322 3529 438 3597 similis
457 3531 533 3597 fuit.

411 3692 478 3755 llac
510 3689 623 3776 itaque
655 3673 875 3781 temperatura
903 3702 1014 3783 putei,
1047 3717 1149 3785 prope
1173 3694 1355 3785 hospitium
1382 3698 1553 3789 bigorrae,
1574 3710 1680 3765 sumta
1702 3719 1762 3788 pro
1781 3696 1889 3764 media

323 3847 483 3936 regionis,
510 3847 708 3917 habebimus
731 3849 766 3916 in
797 3850 911 3919 fodina
934 3854 980 3917 du
1006 3852 1131 3933 flavin,
1153 3853 1393 3921 incrementum
1426 3863 1503 3924 3⁰95
1535 3878 1595 3945 pro
1612 3855 1798 3949 altitudine
1826 3861 1888 3922 170

324 4017 501 4075 metrorum
535 4008 604 4077 sive
642 4014 675 4074 1ο
699 4031 759 4098 pro
794 4014 892 4094 43,st
917 3986 1046 4096 metris,
1071 4024 1105 4078 et
1134 4011 1170 4078 iu
1191 4011 1304 4081 fodina
1332 4016 1499 4083 Castaliae
1525 4020 1605 4082 0⁰35
1633 4036 1693 4104 pro
1713 4014 1888 4085 altitudine

328 4167 422 4242 lent
444 4176 623 4233 metrorum
643 4167 710 4234 sive
737 4172 770 4233 1⁰
791 4190 851 4257 pro
875 4174 975 4254 28‚42
997 4170 1120 4239 metris.

413 4325 504 4388 Hanc
532 4323 607 4389 satis
638 4326 817 4395 notabilem
847 4328 1042 4397 incrementi
1066 4294 1180 4398 caloris
1199 4331 1435 4417 differentiam,
1456 4332 1610 4421 explicari
1626 4354 1718 4422 posse
1734 4345 1822 4402 ratus
1843 4350 1891 4403 est

325 4498 500 4548 coanrssrs
514 4482 640 4550 erariis
648 4484 767 4570 stratis,
780 4486 904 4554 fodinis
915 4487 1170 4578 subjacentibus,
1180 4489 1385 4578 caloremque
1395 4489 1609 4579 inaequaliter
1620 4491 1887 4561 conducentibus.

393 4713 429 4782 (l)
464 4716 502 4764 De
523 4716 646 4767 Scaeam
665 4722 772 4787 chnpae
787 4724 849 4772 dnae
866 4727 901 4773 lea
923 4728 1014 4791 Alpes,
1033 4726 1048 4793 §
1067 4728 1142 4776 ¹⁴²3.

393 4826 432 4897 (Β)
467 4834 531 4884 Aac.
553 4835 596 4884 Ob.
616 4841 641 4884 st
661 4836 711 4887 nt.
737 4836 811 4904 m,-
829 4855 881 4904 pag.
901 4841 961 4891 306.
