4440 6060
960 604 999 667 91

293 823 337 882 10.
386 810 606 880 Praesentiam
632 806 857 898 operariorum
887 815 921 870 et
948 801 1131 885 luminum,
1157 800 1358 899 explosiones
1380 823 1440 891 per
1461 800 1630 890 pulverem
1655 798 1766 867 nitra-

202 991 297 1060 tum,
333 974 417 1040 ictus
442 985 475 1040 et
498 969 667 1037 frictiones
697 965 833 1035 omnino
855 985 953 1054 agere
975 962 1008 1028 in
1032 973 1287 1051 temperaturam
1306 960 1506 1031 fodinarum.

292 1140 338 1200 20.
385 1135 486 1216 Data,
523 1151 609 1219 quae
648 1126 826 1217 pleraeque
850 1121 1088 1191 ohservationes
1120 1120 1215 1189 nobis
1237 1133 1425 1210 praestant,
1449 1122 1599 1190 nondum
1622 1120 1769 1188 sufficere

201 1291 242 1358 sd
261 1303 412 1360 accurate
435 1289 691 1379 computandam
718 1285 786 1353 sim
807 1286 926 1352 harum
943 1281 1116 1350 actionum
1142 1280 1179 1348 in
1200 1292 1454 1391 temperaturam
1480 1279 1680 1348 fodinarum.

291 1456 337 1517 80.
386 1453 432 1515 Ex
462 1445 742 1515 observationibus
770 1456 1010 1533 temperaturae
1042 1440 1125 1508 aeris
1160 1440 1196 1507 in
1220 1438 1365 1523 fodinis,
1389 1437 1446 1505 ubi
1472 1460 1571 1527 opera
1599 1437 1749 1528 vigerent
1761 1489 1771 1521 ,

203 1607 335 1679 nonnisi
358 1619 452 1676 caute
474 1603 722 1693 consequentias
748 1603 916 1671 ducendas
943 1625 1021 1670 esse.

265 1776 352 1836 .40.-
386 1770 509 1836 Omnes
537 1784 669 1848 causas,
691 1785 789 1852 supra
817 1774 1032 1847 memoratas,
1057 1783 1124 1830 non
1161 1771 1272 1827 tamen
1305 1757 1453 1826 sufficere
1479 1758 1523 1825 ad
1545 1757 1772 1848 explicandam

204 1940 304 1996 totam
321 1939 451 1995 auctam
474 1922 662 1993 fodinarum
681 1933 947 2012 temperaturam.

292 2091 403 2171 Quum
441 2095 553 2152 autem
585 2081 660 2151 fieri
696 2081 820 2172 possit,
853 2095 892 2149 ut
920 2080 1093 2165 nonnulli,
1126 2078 1337 2170 praecedenti
1369 2100 1514 2146 roasasn
1548 2076 1672 2145 calculo
1708 2098 1774 2146 non

203 2245 431 2336 acquiescant,
454 2240 740 2332 operaepretium
764 2240 845 2325 erit,
878 2241 978 2308 etiam
1002 2241 1066 2309 alia
1090 2239 1206 2309 afferre
1232 2251 1446 2331 argumenta,
1470 2238 1591 2328 quibus
1611 2238 1776 2306 conclusio
1898 2250 1901 2257 '

202 2417 311 2476 nostra
350 2416 513 2494 postrema
533 2401 624 2470 :sive
647 2412 763 2490 qtssrta
793 2399 1017 2470 confirmetur.
1072 2401 1294 2468 Admittamus
1324 2422 1404 2490 ergo
1433 2399 1596 2469 calculum
1633 2422 1777 2468 roasssrr

201 2588 268 2636 non
299 2563 392 2634 omni
429 2583 539 2631 errore
572 2583 705 2647 carere,
728 2573 762 2628 et
790 2560 845 2647 id,
877 2561 979 2649 qnod'
1005 2572 1142 2642 statuat,
1165 2583 1278 2629 omnes
1302 2561 1360 2628 has
1385 2582 1494 2627 causas
1519 2571 1649 2627 tantum
1671 2559 1777 2628 valere

202 2725 246 2792 ad
276 2723 465 2814 augendam
487 2730 755 2812 'temperaturam
778 2720 896 2790 tertiae
919 2718 1021 2809 partis
1049 2719 1150 2789 totius
1170 2742 1276 2808 aquae
1299 2719 1429 2810 copiae,
1462 2719 1525 2787 rite
1550 2718 1684 2788 defendi
1709 2741 1779 2789 non

203 2904 323 2974 posse,¹
338 2881 384 2949 ita
417 2896 529 2949 tamen
563 2879 690 2971 patebit
712 2902 825 2949 ornnes
848 2904 959 2949 causas
984 2902 1082 2970 supra
1100 2892 1317 2965 memoratas,
1343 2902 1412 2950 non
1433 2879 1516 2949 solos
1542 2892 1657 2948 auctae
1684 2893 1778 2948 tem-

204 3054 375 3134 peraturae
410 3039 518 3108 fontes
550 3061 629 3106 esse.
677 3039 711 3106 si
744 3041 809 3108 hou
845 3041 934 3107 enim
952 3063 1083 3107 ..serum
1117 3051 1221 3124 esset,
1244 3038 1328 3127 quid
1350 3051 1431 3106 tunc
1455 3038 1642 3107 obtineret?
1686 3043 1779 3108 Tunc

205 3199 338 3270 fodinae
357 3196 536 3267 necessario
560 3219 600 3265 eo
618 3195 789 3266 calidiores
809 3199 947 3267 eradere
967 3197 1147 3278 deberent,
1169 3220 1236 3288 quo
1255 3199 1360 3289 maj0r
1380 3221 1536 3267 numerus
1557 3199 1779 3290 operariorum

208 3360 241 3427 in
264 3358 312 3453 21⁵⁸
333 3357 445 3443 adsit,
479 3378 546 3445 quo
581 3359 695 3447 maj0r·
714 3357 807 3449 copia
827 3357 941 3448 'adipis
964 3371 1000 3426 et
1016 3358 1160 3449 pulveris
1191 3359 1304 3427 nitrati
1336 3359 1372 3426 in
1397 3359 1437 3428 iis
1463 3359 1690 3446 comburatur,
1713 3382 1780 3449 quo

210 3517 315 3608 magis
331 3540 429 3608 opera
449 3518 486 3586 in
505 3517 558 3586 iis·
575 3517 719 3608 rigeant.
775 3521 863 3586 llum
898 3520 969 3589 hoc·
986 3519 1089 3611 igitur
1123 3542 1252 3610 semper
1287 3519 1333 3587 ita
1361 3519 1577 3588 observatur?
1621 3522 1693 3590 Non
1720 3520 1778 3587 ita.

211 3675 425 3769 Inspiciamus
458 3699 552 3767 esp.
584 3676 730 3767 tabulam
759 3701 838 3769 pag.
859 3685 902 3748 30
941 3679 1123 3749 exhibitam
1150 3693 1249 3768 atque
1272 3701 1496 3769 comparemus
1525 3691 1780 3770 temperaturam

210 3835 399 3947 iodinarum
410 3837 572 3927 Botallak
593 3850 627 3905 et
650 3839 822 3906 Balarath.
850 3838 1040 3907 Invenimus
1060 3861 1122 3929 pro
1144 3838 1321 3907 altitudine
1343 3846 1406 3907 152
1430 3840 1474 3907 ad
1497 3845 1558 3907 167
1582 3852 1779 3924 metrorum,

212 3994 400 4086 inpriore
415 4002 503 4082 200,
536 3995 572 4064 in
598 3996 778 4086 posteriore
812 4004 901 4067 1703.
947 3997 1042 4067 Unde
1067 3997 1171 4090 igitur
1194 3997 1458 4066 concludendum
1478 3997 1585 4084 forst,
1609 3998 1643 4066 in
1671 3997 1781 4088 priore

215 4155 324 4223 adesse
351 4178 527 4223 numerum
555 4157 661 4226 multo
688 4159 845 4248 majorem
865 4158 1111 4248 operariorum,
1133 4179 1233 4247 quam
1256 4156 1292 4224 in
1316 4157 1506 4248 posteriore.
1553 4157 1649 4243 Quod
1669 4170 1781 4225 tamen

213 4313 565 4396 raritati-contrarium
584 4329 652 4402 est,
681 4316 822 4385 namin
841 4317 955 4387 iodina
976 4319 1139 4387 Batallals
1162 4318 1347 4387 invenimus
1368 4319 1479 4387 adesse
1506 4325 1568 4387 15⁰
1593 4318 1779 4408 operarios,
1853 4317 1856 4325 '

213 4484 313 4562 atque
364 4473 513 4541 comburi
548 4497 747 4566 unoquoque
787 4499 898 4546 mense
942 4484 1006 4546 544
1044 4477 1295 4569 kilogrammata
1328 4477 1434 4570 adipis
1476 4491 1510 4546 et
1540 4485 1605 4548 272
1640 4480 1783 4570 pulveris

215 4631 340 4700 nitrati.
405 4635 445 4698 In
487 4632 602 4701 fodina
647 4636 808 4704 Doloortlr
856 4658 932 4705 sero
988 4636 1107 4705 adsunt
1156 4639 1220 4704 800
1267 4636 1408 4727 operarii
1462 4651 1496 4706 et
1544 4639 1782 4710 comburuntur

215 4789 330 4860 eodem
354 4804 502 4882 tempore
534 4798 616 4862 2721
648 4794 900 4886 kilogrsmmata
930 4794 1037 4887 adipis
1060 4818 1122 4866 nee
1147 4819 1216 4867 non
1242 4802 1327 4867 1179
1346 4797 1490 4890 pulveris
1511 4799 1639 4885 nitrati.
1686 4801 1781 4870 Unde
1825 4801 1831 4810 '

1531 4962 1609 5027 12*
