4440 6060
1094 553 1133 615 lt

325 761 397 824 lam
427 778 501 824 vero
526 778 630 846 quum
651 756 695 833 ad
710 767 835 829 matam
858 754 1068 829 altitudinem
1098 762 1349 842 penetraverant
1369 749 1532 842 operarii,
1552 752 1749 825 audiverunt
1767 755 1894 826 fontem

324 915 574 987 subterraneum
602 915 681 987 satia
709 915 946 1007 propinquam.
998 911 1158 986 Praefecti
1177 912 1281 1004 operi,
1309 934 1431 1004 magno
1456 911 1580 1004 gaudio
1604 913 1828 1000 exsultantes,
1857 916 1893 984 in

236 1160 239 1165 ι
324 1089 462 1164 puteum
481 1075 736 1156 descenderunt,
761 1087 798 1140 ut
821 1074 921 1164 primi
945 1075 1038 1143 hunc
1057 1073 1185 1143 fontem
1205 1072 1426 1164 profluentem
1449 1071 1636 1143 videmur...
1660 1085 1713 1159 at,
1733 1073 1819 1164 prola
1839 1074 1898 1145 dc

325 1233 389 1301 lorl
414 1232 487 1302 fons
506 1245 575 1300 erat
596 1254 699 1321 aquae
724 1230 840 1319 dulcis.
885 1236 997 1309 ldouet
1016 1258 1201 1319 mimus,
1231 1232 1285 1301 rix
1314 1254 1474 1323 umquam
1496 1232 1687 1304 institutum
1705 1256 1775 1303 aras
1797 1230 1898 1325 expe2

324 1390 503 1460 timentum
525 1391 723 1483 physicum,
746 1392 836 1482 quod
860 1407 952 1465 tanto
978 1393 1156 1465 constaretl
1181 1378 1226 1449 ὲ-
1246 1397 1361 1461 Postea
1380 1405 1490 1461 tamen
1510 1414 1611 1461 rente
1630 1391 1780 1463 soliferae
1799 1416 1899 1485 appa-

327 1564 479 1635 ruerunt,
509 1574 543 1618 se
571 1552 654 1619 adeo
681 1565 815 1635 tenues,
843 1564 880 1618 ut
905 1553 1041 1620 tandem
1073 1552 1130 1620 hie
1155 1565 1273 1643 puteus
1294 1551 1392 1642 plane
1417 1550 1549 1621 relictus
1573 1549 1684 1621 fucrit.

411 1715 507 1778 Hunc
532 1709 635 1800 igitur
663 1722 821 1799 puteum,
853 1710 911 1799 qui
944 1710 1115 1783 dicebatur
1142 1715 1173 1779 la
1201 1712 1314 1782 Oreas
1343 1711 1389 1777 dar
1408 1709 1575 1794 Buces,
1595 1709 1679 1781 adiit
1698 1733 1897 1794 mmcuarus,

323 1892 410 1937 armo
436 1873 520 1937 1785
545 1869 601 1960 (1).
637 1869 829 1959 operarius,
854 1879 948 1961 patet
975 1871 1158 1943 catatodiam
1178 1892 1306 1960 geram,
1334 1867 1508 1937 affirmarit
1525 1892 1585 1960 per
1609 1869 1712 1937 trium
1735 1869 1896 1939 mensium

325 2028 486 2119 spatium,
511 2029 681 2108 neminem
708 2031 744 2105 in
774 2030 868 2100 illum
895 2043 1092 2122 penetrasse.
1138 2029 1314 2100 Descendit
1342 2048 1524 2099 sanasuarua
1549 2050 1653 2117 usque
1685 2028 1728 2096 ad
1753 2027 1896 2099 funalrm

322 2199 425 2280 putet:
448 2212 514 2278 quo
542 2211 646 2279 quum
675 2192 889 2281 pervenisset,
918 2190 1046 2266 dimisit
1080 2193 1354 2262 thermometrum
1378 2190 1554 2278 inaquam
1574 2187 1711 2257 salinam
1741 2188 1789 2256 ibi
1813 2211 1899 2257 con-
1967 2197 1978 2220 ⁸

323 2362 467 2440 gestam,
491 2363 525 2417 et
549 2352 677 2420 invenit
693 2352 764 2442 ejus
785 2365 1045 2443 temperaturam
1071 2375 1140 2423 cnse
1169 2357 1257 2421 17⁰4.
1296 2353 1382 2419 llum
1419 2350 1483 2418 hoc
1511 2348 1588 2416 satis
1617 2349 1798 2438 periculose
1826 2363 1900 2417 teu-

325 2523 429 2594 taret,
456 2511 489 2577 in
512 2534 551 2578 eo
575 2511 662 2592 fuit,
686 2525 724 2579 ut
748 2514 818 2604 ipse
838 2537 924 2604 pene
944 2536 1028 2602 aqua
1051 2513 1112 2584 ista
1135 2512 1237 2580 salina
1264 2510 1541 2600 submergeretur.
1588 2511 1628 2575 ln
1649 2507 1778 2577 duobus
1800 2507 1899 2575 cuni·

329 2667 410 2733 culis
434 2690 568 2756 quoque
587 2682 843 2759 temperaturam
864 2670 1062 2740 observarit:
1083 2692 1227 2760 quorum
1245 2671 1328 2737 alter
1349 2670 1492 2739 distabat
1518 2675 1581 2738 183
1602 2670 1753 2739 metriae
1783 2689 1896 2756 supar-

322 2824 397 2893 ficie
419 2827 497 2912 soli3
522 2828 568 2895 ihi
594 2843 813 2919 temperatura
848 2831 931 2898 ae‘ris
957 2843 990 2899 et
1020 2852 1123 2918 aquae
1153 2829 1334 2919 stagrmntis
1365 2841 1435 2895 erat
1460 2833 1549 2895 15⁰6.
1592 2827 1682 2897 atter
1715 2827 1801 2913 situs,
1825 2845 1897 2897 erat

324 2993 386 3052 108
409 2988 538 3068 metris,
566 2989 649 3056 infra
675 2989 883 3080 superficiem
908 2990 966 3058 soli
989 2990 1101 3078 ibique
1126 3000 1344 3078 temperatura
1368 3001 1437 3056 erat
1464 2994 1552 3057 14⁰4.

411 3147 559 3217 Altitudo
584 3162 654 3217 erat
676 3149 778 3241 igitur
797 3149 929 3219 circiter·
948 3155 990 3217 37
1015 3159 1195 3217 metrorum
1221 3171 1279 3238 pro
1307 3156 1350 3217 1⁰.
1383 3149 1444 3220 vet
1457 3148 1484 3217 si
1498 3171 1575 3216 cnm
1598 3149 1897 3218 connrnroadmit-

322 3320 446 3394 tamus,
484 3323 739 3401 temperaturam
773 3311 918 3380 mediam
952 3330 1095 3377 annuam
1124 3331 1213 3391 aaut,
1242 3331 1309 3377 ease
1339 3317 1394 3391 9⁹,
1423 3307 1621 3375 habebimus
1657 3309 1896 3376 incrementum

323 3466 438 3533 caloris
465 3474 515 3551 la,
541 3490 601 3556 pro
626 3468 827 3541 incremento
847 3466 1034 3535 altitudinis
1061 3472 1142 3549 2θῶ
1158 3477 1337 3533 metrorum
1361 3464 1420 3553 (2).

412 3628 521 3709 Quum
535 3650 717 3694 saussuarus
742 3627 779 3695 in
795 3626 959 3695 Helvetiae
979 3625 1115 3697 lacubus
1131 3646 1253 3713 aquam
1268 3646 1306 3692 eo
1318 3623 1524 3715 frigidiorem
1540 3625 1724 3713 invenisset,
1741 3651 1807 3719 quo
1821 3654 1897 3719 pro·

323 3786 738 3859 fundiustbermometrum
752 3789 788 3860 ira
803 3811 875 3860 cam
891 3789 1125 3870 dimitteretur,
1139 3787 1231 3856 hune
1245 3799 1399 3856 eventum
1415 3786 1551 3856 miratus
1563 3801 1623 3855 est.
1639 3787 1898 3858 Tribuitidoiroo

324 3947 563 4016 incrementum
585 3962 824 4040 temperaturae
841 3951 945 4020 causis
966 3951 1125 4032 fortuitis,
1146 3948 1305 4017 nimirum
1329 3961 1485 4016 manente
1499 3946 1689 4015 centurione
1704 3969 1822 4012 wranro
1838 3948 1896 4039 (3³),

324 4106 441 4175 sulfuri
462 4122 496 4175 et
515 4108 632 4198 pyritis
655 4109 776 4178 inillis
802 4111 970 4179 montibus
988 4111 1102 4180 obviis.
1135 4114 1304 4194 Quaenam
1326 4118 1437 4175 tamen
1457 4106 1500 4173 sit
1519 4128 1614 4173 rausa
1630 4105 1748 4173 diversi
1763 4112 1900 4175 eventus

324 4268 587 4335 observationum
610 4268 833 4336 institutarum
857 4269 891 4335 in
913 4270 1050 4337 lacubus
1072 4269 1161 4337 etin
1184 4266 1327 4352 fodinis,
1353 4265 1507 4354 deinceps
1529 4264 1723 4332 ridebimus.

359 4550 396 4618 (l)
418 4556 450 4602 ΙΙ.
470 4557 501 4603 B.
524 4557 554 4604 dr
572 4559 697 4606 «ferream
723 4557 830 4623 Voynqar
850 4559 913 4608 dona
931 4563 966 4609 lec
986 4565 1062 4628 Alpea
1087 4561 1100 4628 f
1119 4560 1193 4610 1088.

357 4665 395 4736 (2)
415 4670 442 4718 L.
466 4671 565 4718 Cordiar
586 4673 665 4720 Esaar'
686 4688 731 4721 aar
747 4674 773 4721 lo
795 4673 967 4739 Templratara
983 4677 1012 4724 da
1027 4675 1170 4727 flntdrrear
1184 4677 1214 4723 da
1228 4678 1252 4722 la
1279 4675 1359 4722 Terra.
1378 4670 1488 4719 limoire
1505 4668 1533 4717 de
1553 4666 1668 4718 l’Institnt
1685 4669 1740 4733 Vll,
1764 4681 1816 4731 pag.
1836 4668 1895 4714 dilt-

360 4780 397 4850 (3)
416 4785 444 4832 de
468 4784 590 4832 Sauarure
609 4789 627 4838 l.
647 4790 663 4835 l.
682 4787 696 4850 §
715 4789 790 4836 1080.
