4440 6060
965 614 1007 678 89

199 838 338 928 padum,
372 846 498 901 tantam
529 833 597 899 vim
628 832 664 898 in
698 830 782 900 aeris
809 840 1064 920 temperaturam
1085 852 1253 919 exercere,
1285 847 1323 903 ut
1345 834 1468 921 valeat,
1494 844 1641 923 tempore
1663 837 1764 898 unius

202 1000 322 1079 heroe,
346 1014 467 1084 augere
489 1013 556 1060 nno
580 991 703 1083 gradu,
725 1003 981 1081 temperaturam
1003 1013 1127 1062 massae
1140 993 1244 1079 aeris,
1259 995 1365 1083 qualis
1379 994 1601 1065 oontiueretur
1616 989 1768 1061 cuniculo

202 1163 222 1222 2
246 1154 358 1222 metris
380 1153 462 1233 lato,
486 1164 520 1220 et
542 1156 664 1237 93‚000
687 1149 800 1219 metris
821 1149 958 1267 longo!-

292 1314 399 1382 Tertia
430 1335 525 1381 eausa
553 1323 810 1401 temperaturam
841 1308 1030 1378 fodinarum
1065 1332 1189 1402 augens
1216 1312 1286 1402 jam
1306 1332 1382 1379 vero
1408 1309 1539 1377 citanda
1563 1323 1627 1394 est,
1648 1309 1772 1378 scilieet

203 1478 409 1565 aaplosiones
436 1498 503 1564 per
526 1475 698 1564 pulverem
729 1476 903 1538 adratum.
951 1475 1123 1539 Fonansms
1154 1471 1199 1562 (l)
1220 1471 1334 1539 statuit
1354 1470 1519 1554 calorem,'
1538 1491 1638 1560 quem
1662 1467 1773 1559 gignit

204 1633 345 1722 explosio
370 1630 511 1721 pulveris
543 1629 678 1715 nitrati,
711 1653 778 1698 esse
805 1630 1087 1721 aequiparandum
1111 1630 1210 1700 calori
1236 1645 1308 1699 orto
1339 1655 1358 1698 e
1393 1630 1617 1701 combustione
1655 1627 1771 1696 similia

203 1792 395 1882 quantitatis
416 1789 575 1859 carbonis.
623 1793 732 1858 Unum
768 1789 986 1881 lrilogramma
1018 1790 1167 1858 carbonis
1188 1813 1263 1859 vero
1287 1790 1323 1859 id
1342 1792 1449 1860 valere
1470 1803 1507 1859 ut
1529 1797 1570 1858 st
1597 1787 1771 1858 hectolitra

203 1972 305 2039 aquae
326 1973 393 2019 uno
416 1951 521 2041 gradu
543 1962 783 2041 temperaturae
803 1964 932 2040 augeat.
979 1955 1050 2018 lam
1068 1975 1144 2020 vero
1165 1952 1364 2042 quantitates
1386 1951 1531 2042 pulveris
1554 1949 1667 2018 nitrati
1691 1970 1774 2016 uno-

204 2133 335 2201 quoque
357 2133 469 2179 mense
492 2109 661 2178 adhibitae
684 2110 720 2177 in
742 2109 866 2179 fodinis
888 2134 983 2202 supra
1007 2111 1210 2197 memoratis,
1236 2112 1300 2179 hae
1322 2124 1414 2179 sunt:

496 2294 528 2353 in
550 2293 654 2356 sodina
674 2295 759 2356 Euel
779 2295 922 2372 Neptune
957 2341 965 2357 .
1010 2297 1068 2358 113
1090 2295 1195 2378 kilogr.
1218 2296 1347 2377 pulveris
1366 2295 1478 2356 nitrati.

496 2469 511 2501 s
578 2471 594 2504 a
671 2448 959 2509 Botallalc....
1003 2448 1065 2509 272
1126 2473 1141 2506 ν
1264 2472 1280 2505 a
1408 2473 1424 2504 a

498 2626 512 2658 ν
579 2625 593 2656 u
669 2602 768 2662 little
787 2603 957 2662 Bounda.
1021 2601 1062 2662 27
1124 2627 1139 2658 n
1265 2626 1280 2659 a
1407 2625 1422 2657 a

497 2776 513 2809 a
578 2777 593 2810 n
670 2754 1060 2833 ltingBeng..136
1124 2779 1139 2811 u
1264 2779 1279 2812 a

498 2929 513 2962 s
578 2930 593 2962 a
670 2908 842 2968 EuelVor
888 2903 1062 2967 ...1587
1125 2929 1140 2963 a
1268 2930 1283 2963 a
1409 2928 1424 2960 υ
1546 2898 1550 2906 ’

499 3081 514 3112 e
582 3079 597 3112 s
671 3060 821 3118 Balarath
857 3056 1063 3116 ....1179
1124 3080 1139 3113 a
1264 3082 1279 3114 a
1407 3081 1421 3113 a

497 3231 512 3264 a
581 3231 596 3264 a
666 3206 957 3287 ¹EeeelAbraltatta.
999 3204 1060 3267 680
1123 3229 1138 3262 a
1262 3231 1278 3264 a

293 3397 385 3478 Quae
406 3391 603 3481 quantitates
626 3392 804 3461 ostendunt
824 3404 859 3461 et
876 3392 964 3460 hanc
985 3391 1116 3460 tertiam
1139 3392 1253 3461 caloris
1279 3417 1409 3462 oaumm
1430 3394 1523 3462 haud
1545 3418 1673 3487 prorsus
1694 3419 1774 3466 oon·

207 3553 418 3621 temnendam
443 3577 520 3622 esse.
579 3553 672 3622 Aetio
696 3555 838 3645 pulveris
864 3553 979 3623 nitrati
1003 3553 1039 3621 iu
1059 3566 1315 3644 temperaturam
1336 3555 1542 3642 fodinarum,
1575 3556 1615 3624 fit
1649 3557 1771 3625 idcireo

206 3713 304 3781 otiam
325 3713 430 3805 magis
450 3712 621 3799 notabilia,
646 3713 724 3804 quia
745 3724 835 3783 aeres
856 3713 922 3780 illia
946 3713 1186 3805 expletionibus
1206 3715 1332 3808 geniti,
1352 3738 1457 3806 quum
1476 3717 1542 3785 sint
1559 3716 1772 3807 ponderosio-

206 3895 256 3940 res
277 3882 350 3941 atire
373 3873 651 3964 atmosphaerieo,
674 3871 799 3942 diutins
824 3872 859 3940 in
878 3871 1000 3941 fodinis
1020 3886 1177 3942 maneant
1195 3887 1229 3942 et
1250 3873 1381 3943 nonnisi
1403 3889 1533 3943 strenua
1558 3872 1770 3945 ventilatione

206 4056 245 4099 ex
267 4033 306 4101 iis
328 4034 446 4125 expelli
468 4048 612 4126 possunt.

294 4195 416 4276 Quarta
450 4215 545 4262 causa
567 4209 680 4265 auotae
702 4209 961 4289 temperaturae,
986 4194 1028 4262 ad
1052 4194 1223 4265 sanabiles
1245 4195 1435 4281 referenda,
1459 4196 1582 4286 pendet
1605 4195 1705 4264 etiam
1730 4195 1772 4263 ab

206 4347 359 4438 operibus
394 4351 468 4441 plus
502 4353 651 4424 minusve
683 4356 891 4449 rigentibus:
924 4356 967 4425 ad
1001 4357 1097 4427 hano.
1114 4357 1281 4448 pertinent
1309 4363 1395 4425 ictus
1421 4367 1453 4423 et
1479 4361 1672 4443 frictiones,
1695 4357 1771 4446 qui,

207 4508 255 4576 uti
277 4508 354 4577 satis
381 4522 497 4579 notum
520 4525 589 4600 est,
611 4537 741 4606 semper
767 4516 908 4587 calorem
936 4517 1073 4610 gignere
1099 4517 1215 4586 solent.
1247 4515 1305 4589 Vis
1327 4516 1445 4584 harum
1472 4514 1661 4602 actionum,
1685 4537 1772 4584 non·

274 4846 311 4913 (1)
349 4845 465 4898 thlert'r
483 4854 547 4899 Atta.
564 4848 662 4900 tntu.
680 4865 734 4917 pag.
756 4851 817 4902 408.
