4440 6060
309 777 422 881 *aionis
455 787 699 867 argumentum.
753 777 795 840 At
827 773 911 865 proh
942 770 1051 841 dolorl
1086 770 1171 837 illud
1208 770 1253 836 ita
1285 783 1500 860 pertractare,
1536 786 1574 840 ut
1603 773 1640 842 in
1667 790 1778 847 mente
1798 795 1888 865 erat,

325 937 428 1006 votuit
451 936 608 1027 temporis
632 936 794 1027 angustis.
840 938 958 1022 Itaque
985 932 1026 1000 de
1046 954 1115 999 uno
1135 942 1284 1016 matum,
1306 953 1447 1023 magnae
1466 931 1555 999 illius
1574 935 1774 1023 quaestionis
1792 961 1890 1029 urgu-

324 1110 451 1183 mento,
475 1096 512 1164 in
529 1097 593 1165 hoc
613 1093 726 1161 libello
745 1115 858 1184 agam,
881 1114 1002 1181 nempe
1023 1091 1065 1158 de
1085 1093 1198 1158 colore
1218 1094 1314 1182 infra
1335 1094 1468 1159 tellonis
1490 1094 1693 1184 assperſsca'em
1716 1109 1890 1167 crescone.

326 1261 493 1346 Exponam
523 1254 667 1344 primum
698 1273 736 1318 ex
770 1249 887 1318 ordine
913 1250 1106 1341 praecipuas
1134 1250 1388 1336 observationes,
1424 1265 1609 1344 spectantes
1636 1268 1890 1347 temperaturam

323 1413 510 1482 fodioarum
543 1409 1152 1500 atquefootium,epute'1'sforatis,
1179 1409 1426 1500 profluentium.
1474 1412 1634 1504 Deinceps
1658 1414 1892 1498 considerabo,

322 1571 403 1661 quid
423 1582 535 1640 contra
558 1568 642 1660 ipsas
665 1567 903 1636 observationes
924 1567 1018 1659 argui
1040 1567 1141 1658 possit
1174 1580 1208 1636 et
1232 1568 1397 1658 monsedo
1420 1569 1484 1638 hae
1522 1571 1722 1661 objectiones
1745 1574 1895 1644 refellan-

323 1744 392 1815 tur,
424 1741 588 1821 postremo
623 1727 767 1818 deniquo
797 1727 889 1809 loco,
921 1726 1004 1816 quid
1039 1750 1078 1795 ex
1109 1727 1149 1796 iis
1177 1727 1286 1817 quoad
1318 1729 1459 1797 calorem
1487 1730 1664 1798 centralem
1697 1733 1892 1804 concludere

322 1889 437 1974 liceat,
460 1899 678 1979 reputaturus.

412 2048 445 2115 si
466 2047 551 2116 forte
572 2048 646 2136 quis
670 2048 757 2115 hanc
779 2046 931 2138 inspiciat
950 2045 1209 2114 dissertationem
1230 2045 1342 2136 (rsnsn
1363 2047 1453 2116 enim
1480 2047 1563 2115 mihi
1578 2072 1674 2138 saepe
1690 2063 1767 2118 ante
1780 2051 1890 2120 oculos

324 2220 467 2276 versatur
489 2207 588 2275 illud:
638 2208 746 2292 »Quis
769 2206 861 2297 leget
883 2205 1009 2274 haeo?'’
1118 2208 1248 2274 »llemo
1278 2208 1488 2296 Hercule!¹')‚
1514 2208 1640 2276 videbit
1666 2210 1766 2278 etiam
1794 2223 1828 2278 et
1850 2213 1892 2279 ad

323 2367 413 2437 illam
439 2369 604 2459 pertinere
630 2368 766 2437 effatum
791 2367 852 2435 riri
877 2366 1083 2435 celeberrimi
1103 2390 1278 2436 swmnsan
1299 2365 1344 2457 (1)
1366 2367 1522 2435 dicentis:
1559 2368 1741 2437 »omnium
1763 2369 1891 2438 instru-

325 2542 543 2600 »mentorum
566 2529 603 2597 in
629 2528 811 2620 disciplinis
835 2527 982 2619 physicis
1008 2527 1234 2597 adhibitorum
1268 2525 1399 2594 nullum
1436 2538 1504 2592 tam
1527 2525 1683 2616 frequens
1704 2548 1892 2615 occurrere,

324 2711 450 2778 »quam
470 2689 779 2757 thermometrum.”
828 2689 908 2754 llam
929 2686 1014 2754 forte
1036 2688 1162 2755 nullam
1185 2687 1329 2755 inveniet
1350 2686 1529 2779 paginam,
1553 2686 1587 2753 in
1607 2709 1671 2775 qua
1698 2688 1897 2758 thermcme·

324 2848 366 2915 tri
386 2869 458 2916 noo
485 2847 544 2915 liat
564 2845 700 2916 mentio.
746 2845 1004 2937 descriptionem
1029 2845 1108 2915 dare
1125 2847 1225 2937 hujus
1251 2844 1460 2915 instrumenti
1487 2845 1557 2913 noti
1576 2845 1729 2913 omnibus
1747 2845 1895 2914 homini-

325 3012 403 3096 bus,
430 3033 496 3080 noa
519 3009 628 3077 dicam
649 3008 752 3077 doctis
781 3010 840 3077 sed
866 3008 976 3094 cultis,
1000 3008 1087 3076 foret
1106 3008 1205 3098 plane
1229 3028 1515 3097 supervacaneum.
1562 3005 1762 3074 Manendum
1783 3019 1895 3075 tamen

325 3191 441 3238 censeo
466 3192 521 3240 me
550 3192 663 3239 omnes
686 3169 859 3240 divisiones
882 3168 1112 3241 thermcmetri
1134 3190 1263 3259 semper
1282 3167 1325 3235 ad
1344 3166 1570 3258 centigrndam
1594 3168 1777 3254 reduxisse,
1799 3168 1896 3237 sicuti

323 3355 436 3402 omnes
457 3356 624 3401 mensuras
648 3333 690 3399 ad
712 3345 826 3400 metra.

416 3493 525 3573 Quum
567 3501 677 3557 autam
706 3489 799 3557 haud
832 3490 950 3581 exigua
982 3490 1083 3580 hujus
1118 3486 1352 3556 dissertationis
1389 3509 1462 3578 pars
1495 3499 1639 3554 versetur
1678 3486 1714 3552 in
1749 3505 1899 3554 comme-

329 3646 495 3718 morandis
527 3646 715 3717 fodianrum
752 3649 1004 3740 temperaturis,
1034 3647 1120 3717 forte
1153 3670 1171 3713 a
1203 3670 1239 3716 re
1270 3669 1338 3714 non
1368 3646 1513 3717 alienum
1545 3646 1608 3715 erit
1632 3670 1736 3740 pauca
1764 3647 1806 3715 de
1834 3646 1897 3714 illis

327 3832 549 3901 praemonere.

416 3970 543 4038 Adsunt
563 3968 599 4036 in
616 3969 683 4040 fero
703 3970 855 4040 omnibus
878 3971 1069 4064 regionibus
1091 3971 1210 4040 saxosis
1235 3971 1410 4062 pleraeque
1431 3969 1580 4053 fissurae,
1618 3989 1705 4057 quae
1727 3965 1899 4034 continent

327 4153 394 4216 res,
416 4152 497 4220 quas
517 4127 667 4198 homiues
694 4128 757 4197 sibi
782 4153 970 4221 comparare
994 4133 1152 4224 cupiunt,
1175 4130 1288 4222 quales
1309 4142 1385 4199 sunt
1404 4128 1633 4211 lithantraces,
1652 4124 1805 4209 metalla,
1827 4147 1899 4192 cae·

332 4303 408 4356 tara.
458 4291 525 4358 llae
546 4302 656 4358 tamen
675 4289 808 4358 fissurae
833 4313 899 4360 non
919 4315 1047 4383 semper
1071 4295 1105 4362 ia
1127 4291 1300 4386 superficie
1318 4290 1378 4362 soli
1396 4300 1573 4381 apparant;
1596 4285 1688 4355 hand
1702 4307 1775 4353 raro
1786 4307 1898 4353 earum

332 4450 545 4540 praesentiam
567 4449 745 4542 indigenae
765 4463 896 4523 tantum
922 4452 1128 4543 suspicantur
1145 4465 1178 4521 et
1193 4476 1261 4523 non
1276 4453 1338 4522 nisi
1360 4450 1489 4543 magnis
1509 4446 1664 4540 impensis
1685 4446 1855 4538 detegunt.

402 4778 439 4849 (Ι)
474 4782 499 4830 J.
522 4781 554 4831 11.
574 4800 622 4834 sas
643 4786 778 4849 Sotades,
801 4784 976 4852 Paropamisos
998 4784 1040 4834 dor
1061 4782 1249 4835 Μηδένα
1268 4782 1296 4834 l’.
