4440 6060
1182 637 1225 699 98

426 856 535 905 erroro
562 836 699 905 liberam
733 859 821 921 aare,
866 859 970 926 quum
997 836 1131 928 insuper
1159 838 1245 906 ratio
1272 837 1425 907 habenda
1452 841 1496 908 sit
1531 843 1712 912 multorum
1740 848 1994 920 cosffieiemiam

422 995 650 1083 innobilium,
675 1019 757 1087 quos
782 995 984 1087 experientia
1007 997 1074 1066 sola
1095 997 1316 1066 determinare
1344 1012 1461 1090 potast

511 1156 608 1240 Quod
628 1156 746 1224 attinet
761 1157 805 1223 ad
819 1153 898 1224 alias
914 1177 1022 1224 cauam
1051 1154 1087 1224 in
1107 1169 1365 1247 temperaturam
1384 1157 1573 1227 lodintmrn
1601 1170 1760 1251 agentes,
1781 1165 1839 1233 hlc
1849 1142 1998 1239 comm-

422 1315 600 1382 morandae
618 1326 695 1382 sunt
729 1330 922 1405 sequentes:
948 1314 1090 1384 altitudo
1109 1338 1205 1407 supra
1230 1315 1329 1385 mans
1357 1316 1523 1399 libellam,
1548 1318 1681 1412 habitus
1707 1322 1853 1414 regionis
1870 1325 1906 1393 in
1930 1350 1995 1420 qua

422 1472 481 1539 sita
499 1484 547 1540 est
565 1472 695 1559 fodina,
720 1474 808 1542 varia
830 1473 958 1563 via'qua
978 1474 1066 1544 calor
1089 1475 1286 1543 conducitur
1302 1475 1390 1559 solo;
1405 1475 1527 1565 quibos
1548 1500 1730 1548 amacura
1749 1482 1852 1550 etiam
1874 1484 1995 1577 adjecit

421 1632 631 1702 latitudinem
650 1632 725 1702 loci.
749 1633 901 1705 Vidimus
921 1645 1177 1726 temperaturam
1195 1634 1279 1702 aeris
1299 1634 1429 1720 minui,
1452 1657 1519 1724 quo
1539 1635 1637 1705 altius
1653 1637 1690 1705 in
1711 1661 1784 1707 eam
1804 1641 1993 1715 elevemur:

422 1791 487 1860 hoc
509 1805 621 1860 autem
647 1814 716 1861 non
744 1774 882 1862 tantum
901 1794 938 1861 in
963 1804 1039 1863 aere
1059 1816 1136 1862 vero
1156 1795 1256 1862 etiarn
1270 1793 1397 1884 inipso
1415 1793 1580 1863 montium
1609 1778 1678 1864 solo
1695 1797 1893 1868 observatur.
1941 1807 1991 1871 lta
2044 1784 2056 1805 ⁹

419 1974 449 2017 e.
473 1973 508 2042 g.
533 1914 680 2019 asrcnrni
702 1952 828 2021 invenit
855 1953 891 2022 in
916 1953 1084 2022 montibus
1107 1952 1268 2021 Saxoniae
1291 1952 1399 2021 minui
1418 1952 1480 2021 soli
1500 1965 1756 2043 temperaturam
1778 1962 1811 2022 1·
1826 1979 1893 2047 pro
1913 1961 1994 2028 alti-

420 2109 623 2179 tudine193
656 2125 848 2182 metrorum.
898 2112 1048 2182 Similem
1076 2112 1334 2182 diminutionem
1360 2111 1541 2182 observavit
1572 2135 1806 2180 aoossrroanna
1831 2116 1867 2184 in
1888 2140 1992 2186 mon·

421 2269 707 2389 tibus·Americae.
754 2272 839 2340 Hinc
868 2273 1047 2342 necessario
1068 2272 1167 2341 etiam
1194 2271 1320 2339 varium
1339 2270 1451 2340 uadit
1474 2270 1713 2340 incrementum
1736 2286 1990 2365 temperaturae,

419 2431 456 2497 in
483 2431 580 2499 variis
609 2406 849 2501 altitudinibus
870 2431 957 2500 infra
987 2432 1196 2523 superficiem
1222 2431 1294 2501 soli.
1346 2434 1396 2498 lta
1422 2441 1461 2498 ut
1482 2430 1727 2501 assentiendum
1749 2447 1904 2525 putarem
1922 2461 1993 2506 ars-

421 2613 552 2662 scaono
572 2592 618 2684 (l)
639 2594 790 2663 monenti
811 2605 1066 2684 temperaturam
1088 2593 1173 2661 inira
1193 2592 1255 2662 soli
1278 2571 1488 2682 superficiem
1507 2592 1622 2683 augeri
1645 2593 1801 2665 citissime
1826 2597 1863 2664 in
1882 2597 1994 2689 regio*

420 2750 519 2818 nnn
551 2752 658 2842 pana
689 2765 724 2820 a
755 2753 792 2819 vn
826 2752 982 2838 aaran,
1016 2704 1198 2820 vianne
1224 2751 1261 2819 tn
1291 2750 1476 2832 moninus,
1512 2751 1548 2819 in
1579 2751 1686 2842 taque
1713 2777 1753 2823 00
1786 2757 1907 2826 rmum
1924 2780 1991 2846 quo

419 2911 524 3003 mag's
552 2911 692 2979 bisunt
721 2912 901 3003 praerupti.
948 2912 1198 2981 Attendendum
1231 2934 1311 3004 ergo
1340 2925 1390 2981 est
1428 2912 1472 2981 ad
1507 2911 1648 2981 formam
1676 2912 1841 2978 montium
1865 2913 1989 2980 sivein

420 3094 540 3165 genere
574 3073 619 3140 ad
650 3072 804 3141 habitum
835 3072 980 3164 regionis
1008 3073 1139 3162 inqua
1168 3072 1230 3139 sita
1260 3084 1311 3140 est
1338 3071 1465 3140 fodina.
1520 3073 1604 3138 liam
1637 3069 1675 3140 in
1704 3091 1772 3137 una
1808 3071 2011 3172 eademque·

418 3233 553 3325 regione
586 3233 671 3302 forte
710 3232 806 3300 valde
845 3232 1010 3301 diversum
1031 3266 1037 3277 ·
1055 3245 1211 3302 eventum
1249 3231 1465 3317 habebimus,
1501 3229 1612 3320 prouti
1654 3228 1706 3297 vel
1743 3229 1779 3296 in
1809 3229 1934 3298 fodinis
1955 3231 1991 3298 in

420 3393 502 3460 valle
524 3392 712 3482 jacentibus
743 3392 794 3459 vel
825 3392 861 3459 in
890 3392 1013 3461 fodinis
1044 3391 1080 3463 in
1101 3389 1179 3458 altis
1204 3390 1368 3459 montium
1386 3388 1534 3479 partibus
1556 3389 1626 3457 sitis
1651 3400 1905 3479 temperaturam
1927 3388 1990 3455 in-

417 3551 627 3642 vestigemus.
681 3555 730 3618 Ita
760 3563 798 3618 ut
825 3549 852 3616 si
885 3562 1034 3618 aooumta
1060 3548 1126 3617 sint
1149 3549 1301 3617 ducenda
1331 3547 1498 3617 corollaria
1523 3571 1563 3616 ex
1586 3544 1880 3631 observationibus,
1916 3545 1989 3612 im-

417 3711 531 3801 primis
569 3721 716 3801 oporteat
747 3690 853 3777 utin
887 3709 941 3778 his
975 3709 1190 3801 designentur
1221 3706 1414 3776 altitudines
1449 3706 1595 3776 locorum
1629 3705 1862 3777 observationis
1892 3726 1988 3795 supra

419 3871 517 3938 maria
539 3870 698 3939 libellam.

508 4034 677 4099 Praeterea
707 4031 807 4097 etiam
843 4031 927 4100 ratio
958 4030 1112 4099 habenda
1142 4041 1191 4097 eat
1208 4027 1317 4096 variae
1341 4027 1391 4095 vis
1413 4027 1554 4096 calorum
1578 4022 1790 4094 conducentis
1821 4041 1985 4089 saxorum.

415 4192 518 4282 Cujus
537 4199 586 4259 rei
608 4192 743 4284 egregie
771 4192 1006 4259 documentum
1029 4189 1215 4259 invenimus
1235 4190 1273 4258 in
1294 4185 1574 4260 obmationibus
1592 4204 1680 4250 roxrv
1705 4180 1766 4273 (2).
1810 4178 1873 4248 llic
1897 4179 1988 4247 enim

417 4353 597 4424 observarit
634 4354 869 4422 thermometra
917 4350 1065 4442 deposita
1102 4350 1140 4420 in
1155 4353 1264 4421 ·renis
1308 4346 1532 4435 metalliferis,
1573 4343 1772 4436 plerumque
1814 4337 1989 4409 ostendere
2063 4438 2068 4445 ὁ

486 4746 524 4813 (1)
559 4744 742 4813 Poggeodors’s
756 4751 821 4797 Antr-
836 4744 926 4794 mv.
940 4757 994 4808 pag.
1011 4743 1072 4792 att.

453 4854 460 4869 ⁸
486 4859 524 4931 (2)
559 4862 630 4911 Ditt-
650 4873 704 4924 pag.
721 4860 764 4908 80.
