4440 6060
1080 646 1120 709 tl

413 849 553 918 Difficile
574 862 683 918 antem
712 849 925 919 determinari
947 868 1039 939 posse
1063 846 1110 915 ait
1136 867 1302 928 amonrns,
1325 870 1486 937 quaenam
1507 870 1622 916 causae
1643 850 1800 939 majorem
1822 848 1889 915 vim

323 1023 513 1096 exerceant,
538 1033 604 1101 quc
625 1035 721 1081 sensu
747 1033 826 1103 ergo
853 1022 1002 1080 constans
1022 968 1114 1079 error
1134 1008 1187 1076 sit.
1233 1008 1301 1098 Ipsi
1324 1018 1437 1075 tamen
1460 1008 1566 1076 visum
1588 1019 1638 1076 est
1654 1006 1763 1097 potius
1777 1007 1889 1075 minu-

324 1170 435 1237 tasin
467 1193 589 1261 genere
617 1185 856 1263 temperaturas
880 1171 1098 1252 'fodinarum,
1128 1191 1227 1259 quam
1258 1180 1371 1236 auctas
1398 1166 1526 1235 actione
1563 1168 1683 1236 harum
1720 1188 1888 1235 causarum

323 1330 432 1398 fuisse.

411 1495 521 1577 Quum
554 1494 590 1559 in
622 1492 735 1559 multis
766 1491 888 1560 fodinis
918 1503 1139 1581 temperatura
1167 1488 1318 1581 pluribus
1347 1511 1448 1579 quam
1471 1486 1601 1557 duobus
1622 1486 1702 1556 loeis
1724 1488 1889 1556 observata

323 1647 382 1727 sit,
406 1648 554 1738 quaestio
583 1647 661 1715 inde
690 1647 769 1716 oriri
794 1647 939 1716 ridetur:
967 1671 1073 1717 >suum
1111 1648 1351 1717 incrementum
1384 1660 1623 1738 temperaturae
1652 1669 1762 1715 revera
1783 1646 1827 1713 sit
1857 1647 1891 1712 in

323 1808 473 1875 »ratione
495 1807 688 1876 incrementi
701 1809 934 1878 altitudinisl''
973 1810 1032 1879 Cui
1058 1808 1242 1899 quaestioni
1265 1808 1415 1880 nondum
1432 1820 1581 1876 accurate
1597 1806 1785 1898 responderi
1800 1828 1892 1895 posse

323 1974 435 2033 auctor
451 1965 612 2057 professus
633 1980 692 2036 est.

411 2128 451 2192 ln
474 2149 539 2192 una
561 2126 695 2213 fulina,
720 2127 880 2218 singulari
902 2130 1000 2197 modo
1020 2153 1097 2197 usus
1121 2141 1170 2197 est
1198 2151 1345 2196 antemos
1371 2149 1437 2217 quo
1463 2126 1697 2195 determinaret
1720 2138 1891 2215 tempera-

324 2298 444 2352 turam.
489 2285 541 2352 lbi
566 2307 686 2376 nempe
709 2308 832 2374 aquae,
853 2286 952 2353 nimis
977 2284 1110 2354 abunde
1127 2288 1342 2377 profluentes,
1360 2286 1465 2376 spatio
1482 2285 1624 2353 inclusae
1641 2284 1787 2370 fuerunt,
1803 2285 1892 2375 quod

324 2442 609 2529 contabulatione,
644 2449 663 2509 2
688 2444 801 2513 metris
828 2445 952 2527 densa,
978 2457 1011 2513 et
1036 2468 1055 2512 e
1080 2443 1180 2535 lignis
1210 2443 1468 2514 euneiformibus
1499 2443 1669 2529 confecta,
1703 2444 1891 2514 obturatum

323 2603 398 2671 fuit.
445 2607 514 2672 lloc
539 2601 683 2693 spatium
713 2610 755 2670 20
783 2603 897 2672 metris
924 2604 1080 2696 longum,
1108 2611 1129 2672 2
1156 2606 1269 2674 metris
1295 2605 1399 2673 altum
1424 2617 1458 2673 et
1489 2613 1503 2672 1
1537 2617 1642 2674 metro
1677 2605 1779 2672 latum
1811 2619 1891 2672 erat.

323 2762 432 2830 Tubus
450 2764 567 2830 ductus
584 2741 655 2830 fuit
674 2785 734 2853 per
757 2763 849 2831 illam
869 2763 1187 2848 contabulationem,
1211 2778 1249 2831 ut
1274 2765 1318 2832 ita
1345 2764 1466 2855 pressio
1492 2777 1525 2833 et
1546 2777 1766 2856 temperatura
1784 2788 1888 2854 aquae

324 2922 466 2990 inclusae
492 2922 682 3013 investigari
702 2936 845 3015 possent.

416 3082 536 3149 Diebus
559 3089 601 3150 30
627 3087 715 3171 Sept.
741 3089 825 3150 1832
849 3094 884 3150 et
904 3088 944 3148 20
971 3083 1077 3150 ldartii
1102 3089 1205 3164 1833,
1233 3093 1449 3174 temperatura
1473 3087 1572 3176 hujus
1596 3110 1700 3178 aquae
1720 3111 1737 3153 a
1760 3110 1891 3155 amomo

325 3242 479 3333 indagata
504 3240 578 3307 luit.
609 3239 720 3308 Priore
743 3240 798 3307 die
827 3239 969 3322 invenit,
993 3248 1013 3307 5
1035 3240 1191 3308 institutis
1216 3243 1508 3330 observationibus,
1529 3257 1788 3336 temperaturam
1810 3271 1888 3317 con·

323 3414 463 3470 stantem
488 3406 602 3484 160473
626 3399 814 3490 posteriore,
839 3398 939 3467 etiam
962 3421 980 3468 e
1004 3407 1024 3468 5
1048 3400 1327 3471 observationibus
1353 3409 1468 3490 160423
1486 3429 1572 3495 quae
1592 3407 1779 3476 differentia
1797 3415 1887 3492 0¹·‚05

321 3564 412 3651 jacet
434 3560 520 3629 inter
542 3561 664 3630 limites
685 3560 801 3631 erroris
820 3560 1066 3630 observationis.

413 3722 507 3809 Aqua
530 3721 631 3807 haec,
656 3735 724 3789 tam
748 3720 807 3789 diu
829 3723 946 3791 ecdem
968 3721 1074 3811 spatio
1096 3722 1240 3809 inclusa,
1264 3725 1414 3793 assumsit
1433 3727 1547 3817 procul
1571 3727 1673 3796 dubio
1694 3741 1893 3818 temperatu-

324 3906 394 3950 ram
421 3884 488 3950 saxi
508 3882 600 3950 illam
625 3883 875 3970 circumdantis;
897 3883 1038 3952 altitudo
1060 3884 1123 3953 loci
1146 3898 1217 3952 erat
1238 3891 1338 3967 atat
1362 3900 1540 3954 metrorum
1571 3887 1654 3954 infra
1679 3889 1739 3956 soli
1768 3912 1890 3981 super-

324 4041 452 4125 ficiem,
483 4044 577 4134 cujus
599 4055 820 4134 temperatura
846 4044 956 4114 media
980 4067 1089 4113 annua
1113 4067 1131 4112 a
1160 4068 1288 4115 amomo
1311 4044 1528 4115 determinata
1550 4044 1616 4115 fuit
1640 4052 1728 4116 8⁹07.
1777 4050 1892 4119 llabe-

324 4179 396 4267 mua
421 4198 526 4290 igitur
559 4201 800 4271 incrementum
826 4203 940 4273 caloris
958 4211 1053 4291 8⁰37,
1079 4228 1141 4296 pro
1159 4205 1335 4275 altitudine
1359 4214 1459 4293 scm
1481 4222 1661 4279 metrorum
1681 4206 1750 4277 sive
1772 4217 1807 4276 1ο
1829 4232 1890 4300 pro

324 4367 400 4441 33,4
433 4362 564 4448 metris,
591 4363 682 4452 quod
703 4365 808 4432 multo
837 4365 942 4453 majus
965 4379 1014 4433 est
1038 4365 1262 4447 incremento,
1286 4391 1382 4457 supra
1410 4391 1428 4435 e
1454 4368 1590 4457 reliquis
1611 4369 1888 4439 observationibus

323 4533 521 4611 computato.
567 4524 617 4589 lta
653 4546 799 4591 suenrus
834 4547 927 4592 suam
963 4525 1190 4595 confirmatam
1223 4524 1306 4636 dicit
1339 4526 1557 4613 sententiam,
1591 4540 1827 4618 temperaturas
1854 4532 1888 4596 iu

320 4680 487 4770 plerisque
509 4680 633 4749 fodinis
653 4682 855 4771 observatas,
880 4685 988 4777 potins
1013 4685 1157 4756 minores
1177 4708 1276 4776 quam
1302 4687 1441 4777 majores
1463 4687 1606 4778 genuina
1629 4689 1697 4755 sari
1722 4701 1889 4780 tempera-

320 4851 394 4907 tura
415 4839 525 4910 fuisse.
