4440 6060
1089 632 1131 694 49

408 839 595 924 Antequam
621 854 790 916 connrmr,
818 855 942 899 nrroun
964 843 998 900 et
1023 853 1209 900 sonussross
1235 833 1472 903 observationes
1493 855 1801 918 commemoremus,
1826 833 1883 900 ri«

206 1003 208 1007 ’
322 997 456 1061 deamus
479 993 623 1083 primum
644 991 727 1080 quid
742 1014 887 1058 summm
903 1014 1124 1057 amoenamus
1138 990 1174 1057 in
1195 991 1344 1059 Amerina
1365 992 1538 1080 invenerit,
1552 993 1610 1062 ubi
1625 993 1753 1062 fodinas
1766 994 1883 1059 Novae.

323 1153 514 1243 Hispaniae,
550 1152 846 1221 Norae-Grenadae
872 1163 906 1219 et
934 1150 1130 1219 Perusianas
1160 1151 1244 1218 adiit
1270 1153 1328 1241 (1).
1384 1155 1425 1219 In
1452 1152 1557 1242 prima
1584 1153 1721 1243 regione
1741 1151 1886 1219 fodinam

323 1325 542 1404 perserutotus
571 1325 638 1398 est,
671 1333 757 1400 quae
783 1312 874 1401 jacet
903 1334 1005 1402 prope
1037 1312 1276 1395 Guanaxuato,
1309 1310 1345 1377 in
1370 1310 1456 1380 latit.
1487 1316 1544 1378 210
1564 1317 1595 1377 0‘
1623 1311 1690 1396 15¹¹,
1714 1308 1888 1377 altitudine

326 1478 411 1541 2444
441 1485 620 1541 metrorum
653 1495 749 1561 supra
779 1472 900 1540 Ooeani
935 1466 1156 1561 superfi‘eiem.
1212 1474 1444 1560 Temperatura
1475 1469 1582 1537 media
1606 1492 1713 1536 annua
1735 1467 1798 1536 loci
1810 1517 1820 1549 ,
1841 1477 1890 1534 est

325 1632 551 1702 verosimiliter
576 1638 644 1717 16⁰,
669 1630 775 1719 qualis
793 1643 842 1698 est
860 1632 998 1698 Rornae.
1043 1631 1166 1698 Fodina
1189 1632 1229 1698 V
1226 1635 1417 1700 amoenae
1438 1644 1529 1700 tanto
1545 1630 1693 1720 praedita
1707 1641 1755 1697 est
1767 1628 1890 1703 calore,

326 1807 362 1859 ut
385 1794 419 1858 in
440 1791 590 1881 ‚partibus
611 1791 821 1860 inferioribus
843 1803 993 1860 constans
1015 1792 1058 1860 sit
1075 1805 1294 1883 temperatura
1319 1799 1386 1860 330.
1435 1795 1541 1860 llense
1562 1789 1745 1882 Septembri
1764 1801 1892 1876 tempe-

326 1963 434 2018 ratura
456 1951 538 2019 aeris
560 1963 648 2019 extra
671 1950 818 2019 fodinam
839 1964 909 2018 erat
941 1997 1584 2020 .............
1628 1955 1712 2018 1903.

406 2113 489 2171 Inter
512 2115 669 2189 usspaeuo
698 2116 751 2173 del
767 2117 831 2172 tiro
849 2132 944 2172 nrreso
960 2120 989 2171 et
1004 2080 1134 2171 beredo
1152 2113 1191 2171 de
1211 2112 1278 2172 San
1296 2111 1408 2188 Paeto,
1428 2111 1506 2172 inter
1525 2131 1592 2192 pro·

446 2261 609 2322 funditates
630 2262 669 2321 84
690 2273 720 2321 et
741 2261 800 2321 167
820 2272 984 2321 metrorum
1006 2299 1586 2323 ............
1628 2257 1703 2319 2307
1723 2257 1763 2318 ad
1783 2256 1890 2320 27020.

404 2415 441 2474 111
460 2411 530 2473 loco
551 2411 631 2472 dicto
651 2415 764 2473 Ptousa
778 2417 817 2472 ds
830 2413 895 2472 San
908 2413 1076 2472 Bmtardo
1088 2410 1120 2469 in
1134 2409 1337 2491 profunditate
1349 2409 1411 2471 502
1424 2421 1588 2471 metrorum
1629 2409 1717 2471 3308.

415 2589 513 2669 Fons,
540 2586 598 2673 qui
619 2609 659 2653 ex
674 2587 743 2676 ipsa
758 2608 840 2654 vena
863 2585 1027 2653 metallica
1042 2584 1172 2675 prodit,
1193 2582 1228 2650 in
1246 2581 1474 2672 profunditate
1494 2589 1559 2651 502
1579 2597 1778 2663 metrorum,
1792 2584 1894 2653 hubet

328 2755 582 2832 temperaturam
610 2750 701 2814 3608.
748 2749 804 2811 list
829 2744 933 2834 igitur
963 2743 1021 2810 bic
1043 2750 1077 2810 30
1097 2742 1232 2811 mlidior
1250 2752 1342 2830 aere,
1363 2742 1400 2809 in
1418 2764 1485 2831 quo
1507 2742 1647 2833 operarii
1668 2766 1764 2810 suum
1782 2743 1893 2812 nonli-

328 2903 421 2970 oiunt
442 2903 599 2971 laborem.

422 3061 546 3129 Fodina
568 3063 704 3151 Bayas,
728 3086 832 3153 prope
854 3067 1161 3152 Valencianensem,
1185 3090 1203 3133 a
1223 3065 1389 3134 nonnullis
1412 3065 1516 3132 multo
1534 3062 1670 3131 calidior
1688 3060 1894 3146 habebatur,

331 3219 385 3285 illa
408 3233 561 3307 quaeest
582 3222 757 3316 inplumes
778 3225 819 3290 de
843 3223 911 3291 San
934 3226 1137 3307 Bernardo,·
1163 3237 1297 3294 eventus
1317 3237 1428 3294 tamen
1458 3224 1650 3315 opinionem
1676 3224 1800 3292 hanooe
1830 3245 1896 3291 non

330 3377 545 3446 confirmavit.

415 3613 534 3672 Invenit
553 3635 749 3678 nunnonorrus
769 3619 803 3678 in
824 3621 890 3679 a'e're
910 3618 1004 3679 libero
1025 3616 1280 3702 atmosphaerico,
1303 3639 1397 3701 prope
1407 3619 1492 3680 Boea
1504 3621 1541 3679 de
1554 3618 1691 3680 tardius
1730 3613 1816 3675 2008.

412 3762 449 3821 ln
469 3761 554 3837 loco,
576 3762 615 3822 ad
636 3764 870 3845 profunditatem
893 3768 951 3828 193
972 3779 1137 3830 metrorum
1159 3808 1689 3831 ...........
1730 3764 1813 3826 33⁰7.

415 3914 452 3974 In
482 3912 592 3975 fodinis
622 3917 659 3976 V
654 3921 834 3994 ilalpando,
864 3892 1049 3980 dmilliariis
1070 3942 1087 3980 a
1107 3921 1306 3982 (luanaxuato
1325 3931 1355 3981 et
1376 3919 1457 3981 2592
1478 3922 1577 3981 metris
1598 3941 1688 4003 snpra

452 4066 541 4127 maris
562 4034 768 4149 superficiem,
790 4069 823 4129 in
844 4070 909 4131 aiire
930 4070 1025 4132 libero
1055 4111 1687 4135 .............
1728 4072 1815 4135 2204.

413 4217 451 4276 ln
470 4216 628 4279 altitudine
651 4219 710 4281 134
734 4232 898 4283 metrorum
955 4265 965 4284 .
1010 4270 1017 4285 .
1062 4265 1071 4285 .
1112 4271 1120 4286 .
1164 4270 1171 4284 .
1214 4268 1222 4287 .
1267 4271 1274 4285 .
1368 4266 1688 4288 .......
1730 4223 1815 4286 2904.

422 4465 462 4528 ln
483 4461 537 4528 his
557 4462 682 4532 fodinis
703 4468 931 4554 Guanrxuato,
956 4469 1089 4538 auditus
1110 4484 1160 4538 est
1173 4492 1261 4539 anno
1277 4476 1361 4539 1784
1381 4492 1522 4561 mugnus
1538 4492 1635 4538 sonus
1653 4469 1893 4557 subterraneus,

404 4854 442 4925 (l)
477 4861 543 4910 Am.
559 4861 603 4911 Ch.
619 4869 644 4911 st
661 4860 711 4913 Pb.
732 4862 798 4915 1111.
818 4880 873 4932 pig.
891 4867 951 4919 907.
