4440 6060
1107 579 1127 641 7

329 789 439 875 ducit,
462 789 599 857 alteram
619 785 822 869 variabilem,
842 781 1044 873 qua-limites
1069 777 1258 848 variationis
1281 780 1420 848 diurnae
1441 792 1475 848 et
1496 782 1893 851 annureconstituuntur.

329 953 428 1023 Nunc·
447 969 523 1016 vero
551 945 736 1023 videamus,
764 943 847 1032 quid
877 940 962 1009 infru
990 951 1128 1007 stratum
1151 939 1235 1007 illud
1253 940 1428 1009 constantis
1454 953 1697 1030 temperaturae
1727 941 1896 1027 obtineat,

327 1109 379 1176 rel
407 1105 516 1197 potius
546 1103 720 1172 audiamus
753 1101 796 1170 de
823 1102 889 1169 hac
910 1123 946 1168 re
972 1099 1185 1168 disserentem
1216 1121 1382 1168 summum
1405 1114 1554 1169 nostrum
1575 1123 1802 1170 sosananrrun
1829 1103 1896 1192 (1);

326 1292 344 1331 »
355 1263 510 1335 Constitit
533 1263 625 1332 enim
651 1285 710 1353 per
729 1260 1008 1342 observationes,''
1032 1261 1097 1346 ait,
1127 1262 1248 1350 »quod
1271 1261 1307 1328 in
1331 1259 1594 1351 profundissimis
1614 1261 1739 1329 telluris
1763 1260 1900 1330 effossae

327 1450 344 1490 a
356 1423 498 1508 fodinis,
522 1435 580 1491 eut
601 1436 635 1491 et
659 1423 695 1490 in
718 1420 882 1489 altissimis
907 1430 1031 1513 puteh,
1056 1420 1265 1511 perveniatur
1288 1421 1395 1511 primo
1416 1423 1459 1488 ad
1479 1420 1564 1503 loca,
1588 1421 1765 1509 inquibus
1788 1444 1895 1490 num·

165 1561 168 1566 .
236 1662 239 1667 Ι
326 1606 456 1675 »quam
475 1607 561 1675 aqua
581 1582 825 1674 congloriatur,
846 1582 905 1650 sed
922 1581 1010 1651 calor
1031 1579 1100 1649 fere
1119 1580 1209 1661 idem
1222 1591 1405 1671 perpetuo,
1428 1591 1651 1648 neomutus
1665 1581 1819 1671 persistit.
1854 1586 1897 1650 llt

326 1771 343 1809 a
353 1743 525 1812 clarissimi
557 1742 745 1811 Academici
776 1739 930 1826 Parisini,
961 1740 998 1809 in
1031 1753 1130 1831 puteo
1161 1735 1381 1810 Observatorii
1410 1752 1607 1811 notaverunt
1639 1741 1777 1808 dudum.
1833 1743 1896 1811 Ubi

325 1927 429 1974 »vero
458 1905 580 1972 deinde
613 1902 718 1994 magis
749 1902 904 1971 inferiora
926 1876 1035 1969 versus
1058 1900 1284 1981 descenditur,
1306 1901 1394 1970 calor
1416 1900 1495 1968 oriri
1516 1900 1649 1991 incipit,
1675 1902 1796 1969 sensim
1820 1924 1896 1970 cum

326 2064 470 2132 »altiore
495 2062 723 2154 profunditate
748 2062 855 2153 magis
882 2061 1063 2129 increscens
1088 2060 1277 2151 magisque,
1313 2060 1418 2130 donec
1445 2063 1581 2130 tandem
1609 2061 1691 2130 adeo
1715 2059 1896 2130 suffocante

325 2235 444 2289 »aestu
466 2222 641 2305 increscat,
663 2233 717 2305 ut,
742 2219 807 2287 nisi
828 2242 933 2308 aquae
953 2220 1094 2288 labentis
1111 2221 1236 2310 frigore
1253 2222 1447 2308 ventiletur,
1470 2236 1503 2291 et
1521 2245 1598 2289 aura
1622 2221 1701 2289 inde
1719 2234 1815 2304 nata,
1829 2221 1897 2288 fos—

325 2402 438 2449 »sores
459 2379 657 2469 opprimat.”

414 2543 501 2607 Num
533 2539 590 2607 hic
617 2538 706 2608 calor
735 2561 868 2629 quoque
897 2539 1053 2629 explicari
1077 2552 1185 2631 potest
1205 2563 1244 2609 ex
1266 2540 1394 2610 actione
1415 2541 1581 2612 radiorum
1605 2542 1785 2611 solarium?
1830 2549 1899 2612 Hoc

324 2699 531 2790 negantriri
553 2700 642 2770 docti
666 2700 724 2792 (2).
770 2706 940 2787 Quaenam
961 2724 1041 2793 ergo
1063 2714 1113 2771 est
1135 2701 1206 2791 ejus
1227 2700 1347 2769 causa?
1391 2705 1622 2771 Bossmnrms
1642 2703 1737 2771 iham
1751 2704 1894 2788 vocarit,

325 2866 435 2952 &nem
452 2863 711 2930 sermonem.
758 2862 968 2931 Recentiores
990 2863 1078 2931 hanc
1099 2863 1401 2933 denominationem
1422 2865 1622 2955 rejecerunt,
1638 2888 1741 2954 quum
1763 2866 1899 2935 demon·

198 3027 203 3037 '
325 3031 462 3088 stratum
483 3020 642 3090 fueritin
661 3021 769 3113 spatio
786 3021 914 3091 incluso
934 3023 1195 3094 combustionem
1219 3025 1329 3094 locum
1346 3025 1469 3095 habere
1487 3048 1554 3095 non
1574 3049 1683 3116 posse:
1707 3042 1742 3097 et
1765 3048 1895 3095 causam

323 3178 440 3247 caloris
463 3179 746 3248 illiuscrescentis
768 3194 925 3250 vocarunt
946 3186 1089 3249 colorem
1111 3188 1300 3251 centralem.

414 3336 478 3422 Qui
514 3338 601 3407 hanc
630 3362 751 3429 nempe
781 3341 1001 3432 hypothesem
1031 3341 1231 3430 defendunt,
1263 3357 1412 3412 statuunt
1430 3346 1598 3436 planetam
1621 3358 1768 3414 nostrum
1788 3344 1904 3435 primo

325 3493 550 3583 incanduisse,
580 3498 687 3568 itaut
704 3512 793 3569 totns
817 3501 942 3570 fluidus
963 3515 1063 3589 esset,
1089 3517 1123 3573 et
1145 3500 1249 3593 qaum
1269 3504 1470 3596 inpelleret,
1495 3505 1565 3596 ejus
1585 3503 1795 3595 superficiem
1817 3504 1894 3594 pri-

326 3676 414 3721 mam
444 3655 583 3724 solidam
609 3658 732 3728 factam
755 3685 840 3748 esse,
865 3663 956 3731 unde
975 3678 1081 3731 crusta
1104 3664 1160 3732 illa
1186 3665 1343 3752 oriretur,
1368 3689 1470 3756 qnam
1495 3687 1585 3734 nunc
1607 3665 1812 3748 habitemus,
1838 3665 1897 3731 in-

326 3826 451 3882 ternam
475 3839 551 3885 vero
580 3832 710 3909 partem
733 3820 873 3888 fluidam
893 3822 1058 3889 mansisse.
1105 3827 1166 3892 l'ro
1190 3825 1253 3892 hac
1271 3825 1461 3915 liquiditate
1480 3825 1646 3917 primitiva
1668 3825 1783 3915 ignea,
1804 3846 1897 3913 pag-²

325 3988 447 4043 narunt
467 3975 620 4067 inprimis
643 4000 813 4047 mnrrsms
835 3993 868 4049 et
889 4005 1059 4049 corrosus.

414 4138 501 4203 llaec
529 4136 741 4229 hypothesis,
766 4163 868 4230 quam
894 4144 1091 4213 recentiores
1112 4144 1242 4238 physici
1268 4145 1409 4214 vicissim
1435 4143 1576 4235 amplexi
1598 4156 1675 4211 sunt
1694 4157 1729 4213 et
1748 4144 1895 4211 dumna-

325 4302 422 4376 runt,
443 4292 616 4364 ridebatur
637 4297 740 4388 mihi,
763 4300 920 4371 suadente
941 4317 1154 4396 praeceptore
1174 4305 1462 4389 aestumatissimo‚
1489 4315 1710 4394 opportunum
1735 4303 1897 4371 disserta-

394 4665 432 4737 (l)
468 4669 498 4719 ll.
518 4680 670 4737 sonum,
691 4675 773 4725 aaa.
796 4676 908 4726 Cluniae
928 4677 949 4727 l.
968 4694 1022 4744 pag.
1042 4679 1101 4729 ⁴70.

394 4778 432 4855 (i)
466 4785 643 4838 D’Arsltrt'sron
659 4785 677 4838 l.
697 4786 715 4838 l.
732 4803 786 4854 μς.
803 4791 863 4842 448.
